2010 3019
941 108 1029 151 13·

291 241 417 301 χωρὶς
447 236 526 299 γὰρ
556 232 688 321 ζίλλης
718 230 768 295 ἧς
799 234 964 293 ἔχουσιν
994 229 1144 295 ἀργίας

293 308 463 373 φθόνον
492 307 602 369 πρὸς
632 302 774 353 ἀστῶν
803 301 1044 367 ἆλφάνουσι
1076 308 1271 365 δυσμενῆ.

293 397 482 429 σκαιοῖσι
513 397 591 436 μεν
620 376 699 437 γὰρ
729 376 856 423 καινὰ
887 377 1144 437 προσφδρων
1174 373 1292 436 σοφά

293 448 427 505 δόξεις
457 443 620 509 ἀχρεῖος
651 441 728 493 κοῦ
759 446 895 508 σοφὸς
926 447 1176 508 πεφυκέναι.

300 526 394 567 Τῶν
426 514 468 566 ὅ
505 513 556 564 αὗ
588 515 829 565 δοκούντων
859 519 1015 564 εἰδέναι
1045 536 1088 562 τι
1120 518 1321 563 ποικίλον

294 592 502 651 κρείσσων
532 591 754 646 νομισθεὶς
785 587 947 646 λυπρὸς
977 590 1020 633 ἐν
1052 585 1176 633 πόλει
1208 593 1334 648 φανεῖ
1367 590 1496 646 (Med.
1529 589 1646 645 292).

675 661 767 705 Και
798 658 877 718 γὰρ
908 653 1000 704 οὔδ’
1037 653 1217 718 ἀζήμιον

30 756 36 764 ’
155 732 322 795 γνώμην
353 734 504 778 ἐνεῖναι
536 735 628 785 τοῖς
658 735 812 792 σοφοῖς
843 729 940 775 λιαν
969 727 1109 790 σοφήν
1146 731 1317 788 (Electr.
1350 733 1472 788 295),
1518 731 1630 786 quod
1678 746 1774 775 con-

114 809 345 851 firmatur
386 805 514 849 etiam
554 805 747 860 exemplo
789 803 1040 847 Hermodori
1080 804 1295 846 Heraclito
1342 803 1610 846 amicissimi:
1658 797 1777 855 ἀξιον

151 865 366 939 Ἐφεσίοις
403 870 564 935 ἡβηδὸν
604 866 907 931 ἀπάγξασθαι,
951 875 1105 925 οἵτινες
1132 868 1399 931 Ἑρμόδωρον
1439 868 1572 930 ἄνδρα
1609 871 1776 916 ἑωῑτῶν

156 940 353 1004 ὀνήιστον
384 946 582 1002 ἐξέβαλον
613 940 788 1002 φάντες·
820 939 962 1001 ἡμέων
991 944 1099 1002 μηδὲ
1119 939 1180 995 εἷς
1206 937 1402 1002 ονήιστος
1422 942 1545 996 ε’στω,
1577 943 1614 987 εἰ
1636 944 1684 987 δὲ
1703 939 1776 1003 μή,

156 1011 264 1076 ἄλλῃ
291 1030 341 1060 ’τε
370 1014 444 1060 καὶ
474 1031 553 1070 μετ
598 1009 740 1059 ἄλλων
782 1014 899 1072 (Sch.
933 1016 981 1058 fr.
1012 1015 1103 1072 40).
1164 1016 1404 1058 Heraclitus
1436 1029 1557 1070 vero,
1601 1029 1711 1058 cum
1732 1016 1776 1057 in

156 1101 202 1130 se
234 1088 329 1142 ipso
360 1087 405 1128 id
436 1091 632 1141 expertus
666 1091 779 1129 esset
809 1090 938 1140 atque
969 1098 1097 1140 aegre
1129 1087 1277 1140 ferret,
1311 1090 1522 1140 postremo
1555 1085 1597 1127 in
1628 1085 1774 1129 solitu-

156 1157 299 1202 dinem
329 1171 375 1202 se
405 1157 566 1213 recepit
597 1155 741 1214 (Diog.
773 1158 808 1200 L
853 1158 928 1212 IX,
961 1157 1019 1213 3).
1078 1156 1189 1208 Quin
1219 1171 1366 1201 versus
1396 1156 1615 1212 Euripidis
1646 1171 1778 1212 supra

157 1229 275 1271 allati
307 1228 435 1285 (Med.
469 1230 567 1271 292.
599 1228 663 1271 El.
696 1227 801 1283 295)
838 1227 966 1270 etiam
997 1226 1053 1270 ad
1083 1229 1364 1283 Anaxagorae
1396 1231 1552 1271 sortem
1583 1232 1778 1284 spectare

157 1300 334 1355 possint,
367 1314 450 1342 non
481 1304 546 1342 est
577 1299 619 1341 in
651 1299 792 1342 dubio.
845 1299 933 1342 Sed
963 1298 1066 1353 quid
1096 1299 1249 1354 obstat,
1281 1299 1381 1352 quin
1411 1298 1652 1353 Euripides,
1686 1312 1778 1342 cum

157 1369 211 1413 de
241 1369 344 1413 viris
376 1369 637 1425 sapientibus
669 1369 863 1413 universe
893 1368 1020 1425 dicat,
1053 1374 1095 1412 et
1117 1368 1376 1412 Heraclitum
1405 1373 1448 1412 et
1471 1361 1778 1412 Hermodorum

158 1446 201 1483 et
229 1441 530 1495 Anaxagoram
568 1441 836 1495 respexerit?
897 1440 1093 1483 Ceterum
1123 1440 1405 1493 Anaxagorae
1446 1439 1778 1493 fragmentorum

159 1510 316 1553 nullum
349 1514 514 1565 spectat
545 1509 601 1553 ad
632 1523 695 1566 ea,
729 1523 838 1565 quae
869 1515 968 1554 ante
1000 1523 1072 1553 eos
1104 1523 1250 1553 versus
1281 1509 1397 1553 dicta
1427 1514 1534 1553 sunt.

921 1643 946 1694 ξ
979 1642 1018 1683 2.

275 1720 410 1765 Nobis
433 1726 573 1765 autem
596 1734 660 1778 ea,
684 1733 792 1777 quae
815 1725 936 1765 extra
958 1729 1066 1777 sunt,
1101 1720 1484 1777 contemplantibus
1506 1720 1608 1776 quid
1630 1722 1778 1766 obver-

158 1797 286 1846 setur,
308 1793 548 1836 Heraclitus
570 1793 718 1848 paucis
739 1792 922 1835 indicat:
946 1787 1121 1834 πάντα
1143 1795 1222 1848 ῥεῖ
1244 1798 1286 1834 et
1308 1786 1488 1833 πάντα
1506 1795 1666 1847 χωρεῖ
1686 1792 1776 1835 καὶ

160 1852 315 1904 οὐδὲν
335 1860 487 1916 μένει
510 1862 634 1917 (Plat.
653 1863 768 1906 Krat.
787 1876 827 1919 p.
844 1863 929 1906 401
947 1863 987 1906 D
1005 1867 1047 1906 ct
1062 1863 1148 1907 402
1166 1863 1224 1916 A?
1249 1862 1300 1906 cf.
1320 1861 1486 1906 Schust.
1504 1876 1543 1917 p.
1560 1863 1648 1905 204
1663 1854 1783 1919 adn).'

158 1933 438 1986 Anaxagoras
468 1947 570 1976 vero
600 1934 717 1975 illam
737 1933 942 1981 Heracliti
964 1933 1217 1975 sententiam
1239 1932 1361 1986 quasi
1382 1945 1502 1975 suam
1529 1933 1631 1975 fecit
1652 1938 1781 1987 atque

159 2000 288 2046 etiam
317 2001 360 2045 in
393 2003 556 2048 ratione
587 2002 828 2060 exponendi
865 2016 933 2047 res
977 2008 1153 2047 naturae
1185 2002 1397 2058 quandam
1429 2002 1601 2046 exhibet
1632 2003 1779 2047 simili-

159 2063 350 2115 tudinem
382 2087 476 2116 cum
507 2075 735 2118 Heraclito
799 2074 881 2117 Hic
911 2079 1052 2117 autem
1092 2079 1337 2129 perpetuam
1374 2086 1513 2116 rerum
1544 2086 1638 2117 esse
1670 2087 1780 2117 com-

49 2200 51 2203 Υ
121 2142 131 2148 ”
159 2143 434 2204 mutationem
466 2144 779 2188 studiosissima
811 2145 1069 2206 cogitatione
1094 2150 1222 2198 atque
1243 2143 1331 2186 acri
1354 2149 1578 2199 conspectu
1603 2150 1781 2188 naturae

102 2237 107 2241 ·
160 2212 319 2271 primus
360 2213 571 2257 intellexit
610 2215 778 2270 penitus
821 2219 864 2258 et
901 2215 1043 2270 posuit
1082 2214 1295 2257 cardinem
1332 2227 1619 2269 summamque
1651 2215 1782 2258 totius
1829 2211 1831 2213 ’

28 2293 51 2332 ,⁸
120 2280 458 2338 ,philosophiae
489 2298 592 2328 suae
624 2289 772 2328 contra
800 2285 1044 2328 Eleatarum
1076 2284 1354 2339 disciplinam,
1386 2272 1531 2342 itaque
1563 2285 1617 2327 ab
1649 2285 1781 2328 omni-

112 2351 241 2405 „bus
272 2353 485 2398 veteribus
525 2369 692 2412 semper
731 2356 824 2412 ipse
862 2369 970 2400 unus
1008 2355 1247 2411 appellatur
1285 2352 1446 2398 auctor
1466 2355 1590 2399 huius
1621 2356 1783 2412 placiti,

2 2464 5 2486 u
162 2435 217 2479 ex
257 2435 341 2476 quo
382 2424 499 2468 illam
540 2426 704 2469 tristem
734 2426 940 2470 Heracliti
972 2426 1025 2469 de
1055 2426 1144 2469 vita
1182 2425 1434 2468 sententia-m
1465 2431 1656 2469 exortam
1688 2440 1784 2471 esse

0 2487 12 2550 ’ᾗ
121 2509 141 2516 ·
162 2490 319 2536 dicunt.
381 2496 660 2551 Anaxagoras
702 2501 844 2541 autem
885 2496 967 2541 hoc
1003 2496 1161 2553 placito
1202 2500 1400 2551 suscepto
1432 2509 1526 2540 cum
1556 2497 1784 2553 praecipue

82 2559 83 2562 ’
113 2556 122 2561 ”
140 2563 393 2617 'explanare
425 2571 611 2622 conetur,
645 2580 729 2621 quo
750 2567 876 2610 modo
900 2567 1007 2610 haec
1027 2580 1165 2610 rerum
1188 2566 1459 2609 commutatio
1481 2566 1569 2622 fiat,
1600 2572 1798 2615 mentem,

34 2684 45 2692 a
68 2678 70 2681 v
162 2642 191 2673 a
218 2633 398 2683 materia
417 2641 658 2690 separatam
680 2636 804 2692 fingit
824 2637 1015 2693 singulas
1036 2650 1104 2680 res
1126 2635 1438 2680 commiscendo
1460 2640 1503 2680 et
1525 2637 1786 2707 secernendo

152 2698 211 2755 iu
241 2701 432 2746 ordinem
464 2704 739 2760 digerentem.

141 2785 201 2837 g
255 2769 401 2815 Idem
431 2787 533 2818 vero
564 2780 691 2831 atque
723 2776 965 2821 Heraclitus
1007 2776 1139 2821 sensit
1170 2775 1396 2833 Euripides
1438 2790 1530 2821 cum
1561 2775 1616 2821 de
1646 2790 1787 2822 rerum

141 2839 335 2923 gannatura,
375 2846 464 2886 tum
508 2843 561 2889 de
590 2846 682 2890 vita
718 2847 913 2891 humana.
976 2849 1041 2890 Ex
1071 2861 1225 2904 magna
1256 2852 1396 2891 autem
1429 2848 1622 2892 locorum·
1649 2847 1786 2905 copia,
