2010 3019
966 108 1010 148 11

156 203 274 295 ῗιᾱν,
295 216 424 284 math.
445 224 538 294 vn,
573 238 804 281 129—130
821 235 856 292 1)
887 242 1070 280 mentem
1092 230 1251 293 (λόγον,
1283 235 1413 292 νοῦν),
1445 235 1586 291 p⁰fi¹¹⁸
1615 239 1799 279 mentem.

177 321 441 360 communem
461 303 625 366 (κοινὸν
645 300 791 364 λόγον)
814 306 903 350 sive
925 304 1124 361 divinam,
1148 305 1266 349 cuius
1288 305 1596 349 eruditissimus
1620 305 1801 360 quisque

177 380 390 438 particeps
402 379 458 423 sit
470 373 559 435 (διὸ
573 378 639 422 δεῖ
654 375 843 421 ἕπεσθαι
856 379 917 434 τῷ
932 376 1041 433 ξυνῷ
1054 371 1221 433 (λόγῳ)·
1238 378 1315 419 τοῦ
1325 372 1454 432 λόγου
1466 375 1513 420 δὲ
1523 371 1667 427 ἐόντος
1677 375 1802 427 ξυνοῢ

178 445 356 504 ζώουσιν
388 445 429 491 οἱ
460 446 622 491 πολλοὶ
652 441 709 498 ὡς
740 444 856 490 ἰδίαν
886 443 1050 500 ἔχοντες
1081 440 1298 504 φρόνησιν,
1331 446 1426 489 Sch.
1450 442 1498 489 fr.
1524 446 1568 502 7)
1599 445 1800 502 iudicare,

179 521 318 565 sintne
349 533 472 573 vera,
515 531 625 573 quae
657 517 851 561 sensibus
881 517 1169 572 percepimus,
1202 530 1346 560 necne.
1408 517 1527 560 Idem
1557 517 1685 560 sentit
1716 517 1798 558 Eu-

177 590 359 646 ripides:
392 580 441 631 οὗ
471 584 550 645 γὰρ
580 579 813 645 ὀφθαλμὸς
844 583 895 630 τὸ
926 584 1080 644 κρίνον,
1112 581 1223 629 ἁλλὰ
1253 588 1349 638 νοῦς
1381 587 1450 642 (N.
1474 587 1523 629 fr.
1547 585 1664 640 901).
1712 587 1797 629 Na·

47 629 67 653 ν
113 670 121 676 ··
177 666 273 704 tura
304 659 416 703 enim
446 663 493 702 ut
525 657 630 701 deus
652 657 885 713 Delphicus
904 657 937 713 ²)
969 657 1072 700 nihil
1093 662 1239 714 aperte
1261 657 1420 712 dicens,
1453 655 1531 701 sed
1552 657 1799 712 significans

177 743 224 774 se
254 729 412 773 abdere
443 727 598 784 studet,
631 732 677 771 ut
708 728 833 784 pauci
865 732 1028 770 tantum
1059 727 1223 770 ratione
1253 740 1305 770 ae
1325 732 1466 771 mente
1487 727 1682 772 instructi
1705 740 1799 770 eam

177 799 417 854 intelligere
457 798 632 853 possint.
695 788 832 846 Quam
873 799 927 840 ob
973 810 1061 840 rem
1101 810 1225 840 aures
1272 798 1468 851 oculique
1514 811 1678 852 eorum,
1728 797 1801 851 qui

176 868 354 912 rationis
386 872 582 923 expertes
615 872 724 923 sunt,
756 881 840 911 non
871 872 1049 922 possunt
1080 872 1194 910 recte
1226 865 1662 923 cognoscerewal
1691 860 1800 923 μάρ-

171 954 298 997 τυρες
327 930 603 995 ἀνθρώποισι
647 929 873 996 ὀφθαλμοὶ
919 936 991 979 καὶ
1039 929 1129 979 ὦτα
1167 931 1406 995 βαρβάρους
1446 933 1586 994 ψυχὰς
1621 931 1801 990 ἐχόντων

181 1008 299 1068 (Sch.
332 1009 383 1052 fr.
420 1007 506 1066 ll),
540 1022 666 1064 quam
703 1008 962 1052 sententiam
994 1008 1221 1064 Euripides
1252 1008 1308 1051 ad
1339 1008 1470 1052 vitam
1501 1008 1631 1053 refert
1662 1008 1798 1063 quoti-

180 1079 374 1122 dianam:

388 1145 535 1205 Δίκη
567 1144 665 1206 γὰρ
697 1140 791 1191 οὗκ
822 1140 988 1192 ἔνεστ’
1023 1147 1077 1192 ἐν
1108 1141 1426 1207 ὀφθαλμοῖς
1457 1151 1681 1205 βροτῶν,

388 1213 508 1269 ὅστις
540 1217 643 1275 πρὶν
673 1210 824 1275 ἀνδρὸς
855 1215 1098 1275 σπλαγχνόν
1128 1218 1335 1273 ἐκμαθεῖν
1365 1220 1515 1276 σαφῶς

389 1290 532 1344 στυγεῖ
563 1285 774 1345 δεδορκὼς
805 1280 926 1331 οὐδὲν
957 1280 1209 1345 ἠδικημένος
1241 1289 1370 1344 (Med.
1403 1291 1531 1344 213);

178 1357 523 1413 quandoquidem
564 1357 725 1401 indocti
767 1358 908 1413 pravis
949 1358 1117 1401 iudiciis
1159 1359 1273 1413 capti
1313 1364 1438 1416 sunt,
1473 1372 1614 1401 eorum
1656 1359 1797 1402 obser-

177 1428 419 1472 vationibus
450 1428 588 1471 minus
620 1428 721 1471 fidei
752 1427 1021 1471 tribuendum
1052 1435 1126 1472 est.

293 1510 444 1565 Neque
476 1523 576 1553 vero
607 1510 758 1553 mirum
790 1515 865 1566 est,
900 1510 1013 1564 quod
1034 1511 1286 1566 HeraclituS,
1321 1525 1414 1558 cum
1442 1511 1797 1567 contemplatione

178 1585 354 1623 naturae
395 1585 524 1634 atque
565 1586 792 1635 conspectu
834 1582 972 1635 legem
1014 1582 1104 1624 eius
1148 1583 1354 1624 occultam
1397 1582 1706 1637 perspexisset,
1725 1568 1733 1580 ⁰
1754 1589 1799 1624 ut

90 1680 97 1685 N
177 1649 336 1693 Tha-les
357 1650 464 1693 illud
483 1645 649 1708 εὕρηκα,
671 1650 765 1706 ipse
781 1651 978 1695 iactavit:
1001 1646 1256 1709 ἐδιζησάμην
1272 1646 1482 1706 ἐμεωυτόν
1504 1651 1621 1707 (Sch.
1641 1651 1691 1694 fr.
1710 1650 1799 1708 20).

176 1721 378 1764 Senserat
419 1721 532 1764 enim
562 1721 680 1763 illum
717 1721 859 1763 παῖδα
888 1719 1103 1773 παίζοντα
1141 1721 1259 1776 (Sch.
1291 1722 1338 1763 fr.
1371 1721 1447 1777 49)
1493 1721 1581 1764 sive
1619 1716 1798 1778 γνώμην,

176 1802 286 1845 quae
317 1790 427 1845 regit
457 1804 596 1834 rerum
627 1796 822 1834 naturam
853 1790 971 1848 (Sch,
1004 1790 1053 1835 fr.
1076 1790 1172 1848 24);
1205 1805 1411 1835 summam
1442 1791 1571 1846 igitur
1602 1805 1698 1835 esse
1729 1805 1797 1835 sa-

178 1860 402 1915 pientiam,
446 1874 541 1904 eam
581 1860 839 1917 intelligere,
886 1866 1014 1916 atque
1053 1862 1182 1917 scire,
1225 1875 1318 1904 eam
1360 1867 1567 1905 secretam
1609 1875 1704 1905 esse
1744 1862 1799 1904 ab

134 1959 136 1961 ψ
176 1930 370 1973 omnibus
409 1932 536 1975 rebus
576 1932 693 1987 (Sch.
726 1932 776 1975 fr
813 1932 897 1988 13).
959 1933 1081 1975 Hanc
1111 1937 1253 1975 autem
1285 1927 1453 1989 γνώμην
1485 1933 1575 1974 sive
1615 1928 1799 1988 (κοινὸν)

176 1993 305 2057 λόγον
336 2000 427 2044 sive
458 2014 588 2061 φυσιν
621 2015 715 2046 esse
747 1993 892 2061 ἀφανῆ
922 1994 1141 2060 ἁρμονίαν,
1173 2016 1282 2058 quae
1315 2001 1486 2058 quidem
1506 2002 1655 2046 melior
1685 2007 1801 2046 esset

175 2070 252 2127 τῆς
282 2073 486 2128 φανερᾶς,
526 2072 604 2115 scd
641 2086 694 2115 ex
724 2072 805 2115 hac
836 2077 998 2115 tantum
1028 2073 1144 2114 illam
1184 2073 1374 2128 intellegi
1405 2086 1555 2128 posse,
1600 2073 1798 2127 quocirco

32 2175 39 2184 ,.
115 2186 118 2188 Α
175 2139 237 2185 ait
266 2140 530 2187 Heraclitus:
576 2156 689 2187 οσων
719 2137 846 2200 όψις,
889 2134 1017 2201 ἆκοή,
1055 2137 1264 2200 μάθησις,
1297 2143 1432 2186 ταῦτα
1462 2139 1544 2200 ἐγὼ
1576 2142 1798 2201 προτιμέω

175 2210 294 2266 (Sch.
326 2213 377 2254 fr.
409 2215 459 2266 83
492 2214 543 2256 cf.
577 2214 744 2270 Hippol.
777 2214 898 2257 refut.
931 2213 1047 2257 haer.
1080 2215 1154 2269 IX,
1187 2213 1362 2270 9—10).

294 2293 409 2338 Satis
440 2300 582 2338 autem
614 2296 772 2339 habent
812 2296 952 2351 multi,
996 2300 1153 2339 temere
1194 2296 1350 2339 sentire
1383 2296 1498 2347 (Sch.
1530 2297 1579 2339 fr.
1611 2296 1680 2351 2),
1724 2297 1799 2340 sed

28 2341 32 2344 ’
109 2361 112 2363 ’
175 2354 199 2417 ἡ
234 2357 415 2419 οἴησις
446 2363 598 2408 ἐστιν
629 2362 745 2423 ἱερὰ
777 2360 940 2416 νόσος
972 2365 1087 2423 (s0h.
1110 2366 1159 2408 fr.
1182 2367 1264 2420 333
1296 2365 1347 2409 of.
1370 2366 1460 2423 34),
1483 2371 1526 2409 et
1545 2365 1797 2424 Euripides:

176 2430 390 2489 ζητῶμεν
403 2427 452 2491 ’ἦ
473 2429 685 2493 δόκησις
702 2428 875 2493 ἇνθριί
889 2451 1011 2487 ποις
1027 2431 1187 2479 κακόν
1206 2438 1276 2493 (Ν.
1294 2437 1342 2479 fr.
1360 2437 1479 2492 279).
1511 2439 1579 2480 De
1595 2438 1797 2494 gravissi-

173 2501 255 2545 mis
269 2502 399 2557 igitur
414 2504 541 2549 rebus
557 2509 715 2551 temere
732 2507 958 2561 loquuntur
975 2502 1048 2564 (μὴ
1074 2504 1190 2564 εἰκῆ
1212 2504 1311 2564 περὶ
1331 2508 1417 2550 τῶν
1436 2504 1648 2564 μεγίστων
1668 2506 1767 2564 ξυμ
1778 2536 1800 2542 -

0 2551 25 2624 ζὲζ
58 2562 72 2589 s
103 2594 132 2635 Δ·
175 2566 540 2628 βαλλώμεθα,
572 2577 669 2621 Sch.
701 2578 750 2620 fr.
782 2577 868 2634 10.)
901 2584 1097 2633 expertes
1128 2579 1281 2621 mentis
1311 2578 1549 2635 universae,
1583 2584 1799 2634 tamquam

175 2639 213 2683 si
252 2643 468 2698 propriam
507 2645 695 2692 habeant
733 2652 916 2692 mentem
958 2644 1045 2706 (διὸ
1077 2648 1140 2692 δεῖ
1171 2645 1362 2692 ἕπεσθαι
1392 2650 1455 2706 τῷ
1485 2647 1594 2707 ξυνῷ
1625 2643 1798 2710 (Myce)-

294 2782 329 2827 1)
351 2794 385 2818 v.
412 2784 556 2822 Schust.
581 2798 616 2833 p.
645 2790 722 2824 138.

2 2820 110 2897 ῖ”-’>;ζ;
143 2867 154 2884 2
294 2839 330 2885 2)
355 2840 437 2879 Sch.
463 2842 507 2879 fr.
534 2846 590 2881 38.

5 2905 14 2915 ‘
49 2898 64 2918 ἃ
82 2898 153 2931 «11⁴-

1972 0 2010 33 42!

1980 27 2010 130 {2
