2010 3019
743 595 1203 671 Praefatio.

18 865 33 872 '⁵
103 872 110 877 ”
183 889 212 901 -·
280 872 558 934 Quamquam
594 875 638 918 et
674 871 732 918 de
757 870 976 933 Euripide
1013 873 1058 915 et
1094 870 1152 916 de
1179 868 1409 915 Heraclito
1434 867 1539 916 cum‘
1559 868 1784 931 prioribus

4 935 15 973 ι’
67 944 69 947 ’
161 955 447 1019 temporibus,
483 957 580 1000 tum
603 953 690 1000 hoc
715 952 894 1000 saeculo
930 956 995 999 tot
1029 951 1175 998 libelli
1212 951 1604 1013 commentariique
1629 966 1656 997 a
1680 950 1784 997 viris
1874 1016 1877 1017 γ

162 1038 305 1085 doctis
342 1036 587 1098 conscripti
623 1040 736 1092 sunt,
774 1039 882 1096 quot
917 1035 1041 1081 haud
1066 1035 1154 1080 scio
1181 1049 1240 1080 an
1265 1034 1323 1080 de
1345 1034 1471 1079 nullo
1498 1034 1600 1089 alio,
1637 1037 1786 1080 tamen

162 1135 221 1167 ex
244 1118 478 1181 Euripidis
516 1133 616 1165 cum
652 1117 885 1164 Heraclito
923 1117 1255 1179 comparatione
1291 1116 1463 1177 aliquid
1499 1116 1603 1162 elici
1627 1119 1786 1177 potest,

0 1232 27 1260 ,κ
100 1197 103 1199 ’
163 1202 286 1264 quod
320 1201 455 1263 pauci
492 1200 674 1262 quidem
710 1200 869 1246 leviter
906 1200 1157 1261 attigerunt,
1195 1213 1482 1260 nequaquam
1520 1202 1668 1245 autem
1706 1213 1785 1244 ex-

80 1274 83 1275 ⁷
162 1284 457 1348 plicaverunt.
530 1280 694 1344 Itaque
733 1297 790 1328 ex
826 1281 977 1328 multis
1013 1281 1100 1327 illis
1136 1281 1262 1334 libris
1299 1280 1413 1326 nihil
1449 1280 1541 1327 fere
1578 1284 1787 1342 repetere

163 1365 305 1427 potui,
349 1364 473 1426 quod
510 1379 567 1409 ex
603 1379 654 1409 re
673 1393 675 1395 -
691 1366 822 1430 esset,
872 1363 958 1408 nisi
995 1377 1054 1408 ex
1089 1361 1369 1408 Valkenae1i
1405 1361 1603 1407 editione
1639 1361 1789 1408 Phoe-

163 1447 383 1494 nissarum
421 1449 465 1492 et
490 1445 717 1493 Schusteri
754 1445 811 1491 de
836 1445 1055 1491 Heracliti
1090 1444 1345 1505 fragmentis
1382 1444 1536 1491 libello
1573 1444 1672 1511 (act.
1701 1460 1788 1491 soc.

163 1527 274 1590 phil.
310 1527 430 1590 Lips.
468 1526 558 1583 ΠΙ,
596 1526 716 1589 Lips.
759 1526 932 1587 1873),
971 1541 1161 1588 quorum
1197 1529 1386 1587 uterque
1421 1525 1619 1573 breviter
1654 1527 1790 1589 signi·
1858 1560 1861 1561 γ

0 1653 34 1674 ,γ
163 1610 286 1666 ficat,
343 1609 605 1671 Euripidem
654 1610 752 1655 loco
804 1609 996 1670 quodam
1044 1608 1261 1655 Heracliti
1309 1607 1473 1654 librum
1521 1609 1786 1671 respexisse.

88 1706 108 1749 fi
164 1690 398 1754 Euripidis
435 1706 554 1754 quae
592 1694 766 1748 extant,
803 1690 979 1748 fabulis,
1016 1707 1097 1753 pro
1134 1690 1422 1737 fundamento
1460 1691 1591 1752 posui
1626 1691 1790 1743 Kirch-

0 1810 49 1835 ,
165 1773 291 1821 hoffii
328 1774 563 1837 editionem
598 1773 764 1830 (Berol.
794 1773 959 1833 1867),
996 1773 1252 1835 fragmentis
1278 1777 1427 1819 autem
1453 1773 1789 1835 deperditarum

0 1853 27 1919 ἷξῇ
120 1892 124 1894 v
164 1854 420 1902 fabularum
438 1855 630 1902 Nauckii
649 1856 887 1902 editionem
906 1856 1048 1917 (Lips.
1073 1855 1238 1913 1869).
1281 1854 1529 1902 Praeterea
1549 1855 1789 1919 Bernaysii
1858 1873 1866 1880 ·

165 1936 526 1984 Heracliteorum
581 1938 849 2000 particulam
895 1938 1086 2000 primam
1142 1936 1349 1996 (Bonnae
1400 1938 1554 1999 1848)
1605 1939 1789 2001 eiusque

0 2012 48 2091 ,ἐξ
108 2036 115 2078 J
168 2019 282 2066 duas
318 2019 652 2066 dissertationes
688 2022 813 2080 (mus.
838 2020 963 2066 rhen.
988 2019 1096 2066 VH.
1121 2019 1211 2079 IX)
1249 2023 1294 2065 et
1330 2020 1388 2066 de
1420 2017 1620 2081 epistolis
1645 2020 1791 2067 Hera-

167 2100 307 2148 clitcis
344 2101 691 2164 disputationem
729 2102 894 2162 (Berol.
926 2087 1079 2163 1869)
1114 2102 1310 2163 inspexi;
1348 2102 1428 2148 etsi
1452 2101 1565 2147 nihil
1588 2102 1648 2148 ad
1671 2102 1790 2149 hanc

0 2182 94 2253 ᾗ
168 2184 579 2231 commentationem
615 2185 708 2248 apti
743 2184 790 2230 in
826 2184 888 2231 eis
923 2184 1084 2241 inveni,
1120 2187 1269 2230 tamen
1305 2198 1397 2230 non
1431 2183 1557 2247 potui
1580 2199 1671 2231 non
1708 2185 1787 2232 ad-

78 2255 82 2260 *
100 2306 127 2314 ..
145 2293 151 2323 5
167 2265 321 2313 mirari
366 2281 470 2313 acre
511 2267 631 2313 illius
668 2267 751 2313 viri
794 2267 1032 2329 ingenium.
1103 2266 1250 2312 Etiam
1286 2265 1535 2329 fragmenta
1570 2266 1791 2314 Heracliti

170 2336 461 2411 a3Bysswatero
499 2348 832 2411 dih'gentissime
869 2349 1056 2396 collecta
1083 2349 1278 2411 respexi.
1338 2348 1429 2396 Sed
1464 2349 1512 2395 in
1548 2348 1618 2396 his
1654 2350 1792 2397 rebus

126 2424 146 2441 ⁵
165 2428 469 2497 explanandis
492 2444 558 2488 ea,
590 2447 707 2494 quae
732 2431 1000 2497 Schusterus
1025 2433 1083 2478 de
1108 2431 1337 2478 Heraclito
1364 2435 1523 2493 argute
1545 2432 1790 2495 lepideque

94 2501 135 2564 :sss
149 2497 394 2575 disseruit,
448 2513 688 2561 maximam
734 2517 911 2577 partem
957 2514 1149 2577 suscepi,
1203 2514 1376 2561 etiamsi
1421 2513 1650 2561 interdum
1697 2515 1792 2561 eius

93 2581 129 2639 {22-
153 2589 372 2656 *ordinem
408 2597 544 2657 atque
577 2596 795 2643 rationem
829 2596 878 2642 in
913 2597 1131 2643 Heracliti
1173 2596 1437 2658 fragmentis
1474 2597 1793 2659 componendis

165 2667 243 2730 ets
258 2676 540 2737 explicandis
588 2692 681 2724 non
728 2675 825 2726 sum
862 2683 1052 2727 secutus.
1122 2679 1379 2726 Novissimis
1416 2678 1594 2726 demum
1630 2678 1793 2726 diebus

79 2752 95 2765 “‘
284 2750 509 2830 JJs'X-lssfigiss,
543 2762 595 2806 ut
630 2759 978 2813 Teichmuelleri
1013 2761 1071 2808 de
1107 2760 1341 2808 Heraclito
1377 2752 1815 2810 commentationem*
