2010 3019
105 517 108 519 >
159 489 228 542 In
265 494 551 551 quantum
586 489 881 542 Euripides
916 489 1186 534 Heracliti
1232 490 1496 536 rationem
1533 490 1783 536 auctori-

616 585 925 643 tatemque
961 583 1323 644 susceperit.

80 847 83 849 ‚
276 791 382 834 Cum
419 789 654 845 antiquitus
694 790 898 833 obscurus
938 789 1010 833 ille
1053 789 1330 846 philosophus
1367 789 1578 846 Ephesius
1615 789 1780 833 animos

84 898 88 902 .
158 863 387 917 oculosque
418 867 461 905 et
491 861 841 918 philosophorum
872 867 915 904 et
945 861 1257 917 philologorum
1286 861 1331 904 in
1362 875 1409 905 se
1426 861 1661 916 -con‘vertit,
1692 865 1782 905 tum

157 931 400 976 novissimis
451 932 574 975 annis
625 932 679 974 ab
730 931 963 986 ingeniosis
1013 931 1138 986 viris,
1202 932 1246 974 in
1304 931 1456 986 quibus
1507 931 1779 987 Bernaysius,

157 1002 423 1057 Schusterus,
457 1001 818 1045 Teichmuellerus
850 1003 1080 1056 excellunt,
1114 1002 1205 1045 eius
1236 1002 1479 1056 fragmenta
1508 1002 1570 1045 ita
1600 1006 1782 1045 tractata

156 1073 283 1127 atque
303 1073 527 1116 enucleata
546 1077 656 1127 sunt,
688 1077 734 1115 ut
756 1085 808 1114 ea
829 1072 953 1127 quasi
973 1072 1248 1115 fundamenta
1275 1071 1372 1114 aliis
1392 1076 1522 1127 atque
1553 1071 1780 1116 subtilibus

156 1143 477 1198 quaestionibus
507 1156 603 1186 esse
633 1143 810 1197 possint.
862 1143 959 1186 Jam
992 1157 1019 1200 a
1048 1143 1264 1185 veteribus
1292 1142 1364 1185 ifle
1386 1142 1559 1186 summis
1580 1142 1780 1186 laudibus

156 1213 452 1257 celebrabatur
483 1218 527 1256 et
557 1212 748 1264 homines
781 1212 936 1256 eruditi
966 1212 1248 1268 posteriorum
1270 1212 1533 1256 saeculorum
1558 1213 1710 1257 iterum
1730 1226 1782 1273 ac

154 1283 325 1339 saepius
366 1284 482 1326 locos
525 1284 580 1325 ab
622 1297 672 1326 eo
710 1283 919 1338 repetitos
946 1283 1137 1326 afferunt.
1198 1282 1416 1336 Diogenes
1446 1296 1548 1325 vero
1579 1283 1774 1326 Laertius

155 1352 250 1411 (IX,
283 1352 330 1410 6)
360 1353 503 1409 refert,
536 1352 806 1409 disciplinam
826 1353 1039 1409 quandam
1061 1352 1396 1397 Heracliteorum
1417 1351 1518 1397 inde
1539 1353 1776 1409 profectam

89 1448 94 1451 <
154 1436 262 1479 esse,
294 1424 361 1466 cui
391 1424 563 1478 quidem
592 1424 833 1466 testimonio
866 1437 939 1466 cur
969 1424 1097 1466 fidem
1127 1437 1212 1466 non
1242 1422 1474 1465 habeamus
1507 1436 1637 1466 causa
1657 1424 1776 1466 nulla

96 1535 99 1538 .
153 1495 320 1551 subest,
362 1493 614 1551 praesertim
653 1507 781 1550 quum
817 1493 900 1550 ipsi
931 1494 1169 1550 sophistae,
1212 1500 1260 1538 ut
1289 1494 1547 1550 Protagoras
1589 1493 1711 1550 (Zell.
1742 1494 1776 1551 Ι,

154 1565 260 1622 675)
306 1570 350 1609 et
395 1565 520 1609 stoici
543 1565 578 1622 1)
625 1578 703 1609 sua
743 1565 902 1621 placita
943 1566 1025 1609 huc
1062 1565 1245 1609 maxime
1291 1564 1440 1608 referri
1486 1564 1776 1620 profiteantur.

153 1634 268 1686 Quid
287 1636 451 1691 mirum,
484 1636 521 1679 si
550 1636 636 1678 iam
666 1635 856 1679 eiusdem
877 1636 1030 1679 aetatis
1051 1636 1242 1679 homines
1265 1640 1498 1691 praecepta
1518 1640 1562 1678 et
1581 1635 1778 1679 instituta

46 1705 49 1707 ’
152 1704 244 1749 eius
273 1705 319 1748 in
349 1720 421 1749 ore
453 1705 666 1751 habebant
697 1719 926 1761 omnesque
959 1706 1114 1750 Graeci
1145 1706 1300 1749 eruditi
1331 1705 1572 1749 reverentia
1591 1705 1776 1759 quadam

151 1775 319 1819 subtilis
350 1776 430 1818 viri
460 1776 620 1831 ingenii
642 1781 771 1830 atque
791 1776 1072 1820 admiratione
1095 1777 1207 1831 capti
1232 1777 1349 1818 illum
1372 1775 1426 1818 de
1449 1780 1603 1818 natura
1623 1775 1776 1818 librum

149 1845 362 1901 legebant.
415 1846 550 1898 Quem
572 1847 719 1890 Grates
741 1846 926 1902 quidam,
949 1851 996 1889 ut
1015 1851 1163 1889 auctor
1183 1851 1249 1889 est
1270 1846 1487 1901 Diogenes
1508 1847 1555 1888 L.
1579 1845 1674 1902 (1X,
1702 1844 1776 1903 12)

149 1915 194 1960 in
217 1915 444 1961 Graeciam
476 1916 628 1961 detulit
658 1930 709 1962 eo
740 1917 834 1973 ipso
860 1922 1064 1973 tempore,
1096 1930 1223 1972 quum
1246 1916 1432 1961 studium
1454 1916 1558 1960 artis
1581 1915 1775 1960 scenicae

132 1991 194 2035 ,et
223 1986 521 2043 philosophiae
541 1988 720 2032 Periclis
750 1988 1006 2031 liberalitate
1036 1993 1206 2031 auctum
1236 1988 1296 2030 ibi
1325 1987 1592 2030 efflorescere
1624 1986 1774 2042 coepit.

148 2049 431 2113 Anaxagoras
472 2058 584 2101 enim
624 2058 894 2114 disceptandi
933 2059 1096 2102 ratione
1127 2059 1328 2114 populum
1359 2057 1526 2100 erudire
1559 2056 1775 2113 studebat,

149 2126 266 2182 quod
285 2127 703 2183 Euripides‘fabulas
724 2128 916 2172 docendo
938 2128 1108 2172 efficere
1129 2129 1272 2172 voluit.
1327 2129 1608 2182 Anaxagoras
1631 2132 1775 2170 autem

148 2195 334 2250 quodam
362 2198 489 2241 modo
520 2199 765 2242 Jonicorum
795 2199 1103 2254 philosophiam
1145 2199 1382 2241 naturalem
1421 2196 1613 2240 traduxit
1643 2202 1773 2252 atque

19 2267 55 2323 ξ’
86 2269 356 2322 4‹convertit
395 2268 452 2310 ad
494 2269 610 2311 illam
651 2268 946 2329 philosophiae
987 2274 1150 2324 partem
1181 2268 1449 2311 dialecticam
1481 2273 1524 2311 et
1555 2270 1772 2324 moralem,

30 2336 50 2353 ’·”
148 2348 259 2390 quae
298 2336 342 2379 in
374 2338 557 2382 Graecia
596 2339 694 2395 ipsa
732 2329 961 2395 praecipue
998 2353 1025 2382 a
1057 2339 1252 2394 Socrate,
1299 2339 1500 2394 Platone,
1541 2338 1775 2382 Aristotele

102 2418 105 2419 ⁷
147 2407 317 2467 exculta
346 2411 476 2463 atque
506 2410 699 2464 perfecta
727 2415 803 2454 est.
855 2410 1084 2472 Maximam
1115 2415 1256 2452 autem
1286 2414 1451 2464 partem
1470 2408 1772 2465 philosophiae

88 2490 123 2535 ,ᾗ
147 2487 270 2533 suae,
306 2476 498 2533 inprimis
528 2480 772 2537 physicam,
814 2494 942 2536 quam
968 2482 1107 2525 solam
1137 2480 1226 2524 fere
1258 2480 1501 2535 excolebat,
1539 2492 1594 2523 ex
1623 2478 1771 2535 physi-

75 2554 102 2572 ’-
147 2545 309 2603 corum,
339 2560 446 2604 quos
477 2548 644 2607 dicunt,
678 2551 882 2596 doctrinis
915 2551 1109 2607 repetiit3
1151 2550 1254 2605 quin
1286 2550 1415 2594 etiam
1447 2561 1557 2604 quae
1588 2548 1642 2592 de
1672 2562 1769 2601 par-

146 2612 289 2665 ticulis
318 2617 431 2662 inter
460 2632 507 2662 se
538 2620 746 2666 similibus
763 2621 798 2678 ²)
832 2621 1024 2677 tradidit,
1060 2621 1323 2675 aliquantum
1353 2620 1409 2663 ab
1440 2619 1526 2663 illis
1556 2625 1774 2663 mutuatus

146 2748 162 2769 ς
267 2731 300 2778 1)
325 2736 367 2770 ut
390 2736 444 2771 ait
466 2736 577 2773 etiam
601 2735 675 2773 Cic.
702 2737 745 2773 de
770 2740 844 2774 nat.
871 2738 965 2774 deor.
990 2737 1059 2780 III,
1087 2740 1141 2779 14,
1167 2739 1223 2773 35.

264 2789 300 2838 2)
314 2791 368 2853 ‘de
391 2792 461 2830 hac
484 2792 666 2832 Ciceronis
690 2797 851 2832 versione
875 2797 976 2832 verbi
1001 2794 1243 2843 ὁμοιομέρειαι
1267 2806 1300 2831 v.
1324 2796 1410 2831 Zell.
1435 2795 1466 2838 Ι,
1491 2797 1563 2832 880
1587 2795 1669 2831 adn.
1700 2799 1731 2830 1.

670 2993 673 2996 .
694 2996 732 3009 ’,μ’
732 2988 921 3010 ----------

714 3008 813 3019 JJJJJ
