2010 3019
216 258 218 261 Υ
277 196 447 258 ·-5faeete
478 208 582 251 reum
622 188 869 252 perstrinxit
884 193 931 252 1).
993 193 1241 251 Euripidem
1280 198 1424 238 autem
1465 207 1520 238 ex
1549 192 1681 237 variis
1714 191 1802 237 dis-
1831 250 1841 262 ’

173 262 348 326 -ὁὲῃὶὶιιίε
378 267 660 323 quodcunque
691 266 873 309 maxime
910 278 1007 308 eum
1037 265 1180 322 specie
1210 264 1402 309 veritatis
1433 265 1586 320 movit,
1626 265 1800 320 libasse,

155 408 391 466 *idi-istoph.
422 407 527 453 Ach.
558 422 599 464 p.
631 408 738 465 391)
781 408 1096 463 comprobatur:
1143 398 1378 464 Εὐριπίδης
1408 405 1457 450 δὲ
1486 400 1574 450 ὑπὸ
1601 397 1799 463 Ἀριστο-

143 535 145 537 .
177 474 339 538 φὰνους
358 480 626 537 κωμῳδεῖται
649 472 706 529 ὡς
725 469 1051 536 ἂκαιρορρήμων
1071 474 1145 520 διὰ
1160 473 1210 521 τὸ
1228 472 1441 529 πολλάκις
1457 475 1800 535 περιτεθεικέναι

101 540 114 548 „
169 544 326 607 ’λόγους
366 543 614 606 δογμάτων,
657 540 715 592 ὧν
754 540 845 592 ἀπὸ
880 540 1167 605 Ἀναξαγόρου
1206 542 1235 606 ἤ
1276 563 1432 599 τινος
1476 544 1655 602 ἔμαθε
1695 549 1800 591 τῶν

82 652 109 676 4
175 621 371 678 σοφῶν,
402 613 634 676 βαρβάροις
664 618 852 675 γυναιξὶν
881 612 910 675 ἢ
942 617 1140 669 οἰκέταις.

296 699 383 745 Sed
414 705 461 744 ut
491 701 876 757 praetermittamus
908 700 1049 744 omnia
1087 700 1162 743 illa
1201 698 1464 756 testimonia,
1503 714 1613 756 quae
1643 714 1720 756 per
1749 714 1798 745 se

173 772 270 828 ipsa
311 771 415 816 satis
453 771 557 828 sint,
599 777 647 815 ut
686 772 809 816 nobis
852 757 1102 828 persuasum
1141 772 1215 827 sit,
1256 770 1502 827 Euripidem
1543 784 1628 814 non
1659 771 1796 815 solum
1842 805 1856 815 .

173 842 456 899 Anaxagorae
486 841 740 899 discipulum
772 842 923 899 fuisse,
968 842 1045 887 sed
1076 842 1204 887 etiam
1235 856 1330 887 cum
1361 841 1502 887 studio
1535 841 1719 898 quodam
1748 835 1803 899 iq,
1829 868 1836 874 ·

83 908 87 912 ‘
111 924 117 933 ⁴·
141 959 150 968 .
172 913 459 957 Heracliteam
480 926 526 956 se
546 911 764 957 abdidisse
785 913 1109 969 philosophiam,
1142 913 1279 969 magis
1310 913 1418 957 haec
1438 909 1651 957 sententia
1671 901 1808 957 nohis*

0 986 48 1040 {4555
111 1028 115 1031 μ
172 984 420 1040 probabitur
450 984 804 1039 perlustrantibus
833 998 906 1028 eos
927 984 1142 1039 Euripidis
1164 985 1291 1039 locoS,
1324 985 1397 1039 qui
1418 998 1515 1027 eum
1537 978 1794 1033 necessitate

0 1040 27 1112 Ξ
48 1075 63 1091 »,
172 1053 356 1108 quadam
397 1054 684 1097 Heracliteam
729 1054 1023 1110 philosophiae
1068 1054 1276 1097 rationem
1321 1053 1515 1109 attigisse
1560 1042 1791 1099 declarant.

0 1109 23 1163 ἶ
171 1123 293 1175 Quae
326 1123 565 1167 coniunctio
596 1138 647 1168 eo
678 1125 816 1168 minus
848 1125 890 1167 in
923 1137 1025 1168 casu
1064 1125 1204 1179 posita
1235 1137 1328 1167 esse
1359 1124 1543 1180 videtur,
1584 1139 1668 1179 quo
1698 1125 1792 1168 dili-

0 1209 28 1243 22-
47 1239 58 1252 .
170 1193 340 1249 gentius
381 1194 608 1251 Euripides
650 1195 857 1239 Heracliti
899 1195 1050 1238 librum
1091 1195 1324 1250 perlegisse
1368 1200 1496 1249 atque
1541 1195 1792 1251 cognovisse

6 1284 9 1285 ⁷
89 1269 96 1274 “’
169 1263 362 1318 traditur,
395 1264 726 1307 familiarissimo
749 1277 849 1317 usus
873 1266 1059 1320 Socrate,
1083 1265 1155 1320 qui
1178 1265 1382 1319 omnibus,
1416 1266 1459 1306 in
1481 1265 1628 1320 primis
1648 1256 1791 1311 autem

161 1333 447 1380 familiaribus
478 1335 566 1379 suis
598 1336 857 1388 Heraclitum
888 1336 1139 1390 exponebat.
1201 1335 1294 1378 Etsi
1324 1340 1464 1378 autem
1502 1335 1715 1379 interdum
1740 1336 1790 1378 in

168 1402 297 1448 dubio
329 1417 425 1448 esse
455 1409 608 1460 potest,
642 1410 779 1448 utrum
802 1405 1017 1460 Euripidis
1048 1406 1165 1448 locus
1189 1405 1245 1447 ad
1268 1407 1564 1460 Anaxagoram
1584 1406 1615 1462 2)
1646 1413 1703 1449 an
1726 1404 1790 1450 -ad

126 1491 134 1496 ‘
166 1473 428 1517 Heraclitum
469 1474 716 1517 referendus
758 1475 831 1529 sit,
875 1488 1050 1529 quorum
1091 1476 1214 1517 alteri
1256 1476 1388 1518 multa
1425 1476 1510 1518 sint
1552 1477 1790 1519 communia

140 1556 261 1601 >cum
301 1544 458 1598 altero,
500 1549 640 1587 tamen
682 1544 892 1599 quaedam
933 1545 1221 1600 inveniuntur,
1265 1559 1374 1599 quae
1418 1545 1534 1588 haud
1575 1545 1703 1589 dubie
1734 1559 1788 1589 ex

164 1612 372 1671 Heracliti
403 1614 547 1657 libello
579 1612 760 1670 repetita
792 1620 909 1671 sunt,
952 1616 1042 1659 sive
1073 1615 1277 1658 Heracliti
1321 1621 1501 1658 mentem
1533 1616 1624 1659 sive
1655 1617 1789 1660 verba

29 1682 45 1730 ὲ
96 1714 99 1717 ,
165 1688 417 1739 spectamus.

16 1811 22 1819 ἢ
220 1756 234 1798 Ῐ
282 1766 383 1809 lllos
425 1766 556 1821 igitur
596 1768 711 1815 locos
758 1767 1021 1811 excutientes
1063 1767 1283 1823 aptissime
1325 1781 1609 1823 supponemus
1656 1768 1786 1826 illam,

21 1830 42 1842 ''
139 1848 291 1889 ·quam
322 1835 494 1880 exhibet
524 1838 742 1892 Diogenes
773 1840 819 1881 L.
855 1838 949 1895 (IX,
981 1839 1030 1894 5)
1062 1839 1159 1881 libri
1191 1838 1448 1894 tripartitam
1480 1839 1755 1882 divisionem:

312 1918 342 1961 I.
375 1913 534 1976 λόγος
565 1911 807 1978 περὶτοῦ
837 1914 1067 1974 παντός,

289 1989 341 2031 II.
373 1984 535 2046 λόγος
565 1986 889 2043 πολιτικός,

265 2058 339 2103 ΙΠ.
371 2053 536 2117 λόγος
565 2055 912 2119 θεολογικός.

282 2198 315 2243 1)
341 2197 494 2236 Serenus
511 2201 550 2236 in
567 2200 666 2237 Stob.
685 2202 788 2238 floril.
806 2202 847 2245 V,
866 2204 930 2239 82:
956 2198 1155 2248 Εὐριπίδης
1178 2198 1414 2246 εὐδοκίμησεν
1432 2205 1473 2236 ἐν
1493 2199 1641 2247 θεάτρῳ
1658 2199 1783 2237 εἰπὼν·

72 2267 80 2278 ⁹
146 2257 208 2288 ,Τί
229 2252 259 2288 δ’
287 2253 451 2304 αἰσχρόν,
487 2256 537 2292 ἂν
567 2256 617 2303 μὴ
649 2263 724 2295 τοῖς
756 2263 991 2306 κεχρωμὲνοις
1021 2257 1128 2307 δοκῇς
1165 2263 1225 2293 καὶ
1249 2259 1269 2293 ὁ
1293 2255 1452 2294 Πλάτων
1476 2258 1640 2303 ἐντυχὼν
1664 2260 1783 2305 αὐτῷ·

16 2350 24 2361 ζ
46 2323 62 2336 ”’
161 2307 189 2347 α’
213 2311 409 2361 Εὐριπίδη,
438 2318 516 2363 ἔφη,
544 2315 694 2366 αἰσχρὸν
719 2314 761 2352 τό
786 2317 816 2366 γ’
837 2314 995 2366 αἰσχρόν,
1023 2316 1094 2352 κᾶν
1119 2316 1207 2367 δοκῇ
1234 2316 1305 2353 κᾶν
1329 2319 1378 2364 μῆ
1403 2317 1499 2368 δοκῇ.

278 2385 314 2431 2)
339 2388 470 2432 quibus
494 2390 581 2425 locis
598 2391 786 2437 Euripides
802 2391 1049 2436 Anaxagoram
1066 2392 1288 2437 respexisset,
1314 2391 1556 2428 Valkenaerus
1573 2394 1611 2428 in
1628 2393 1782 2430 diatriba

76 2426 97 2490 ’ἦ
141 2430 227 2492 ’ῥιπὶ
247 2446 444 2492 tractabat,
478 2449 540 2484 sed
571 2450 714 2495 longius
746 2461 953 2496 progressus
984 2452 1054 2493 est,
1089 2460 1169 2485 cum
1193 2450 1371 2487 Heracliti
1395 2450 1600 2497 fragmenta
1624 2453 1782 2490 nondum

68 2502 84 2509 ”
160 2500 354 2547 diligenter
377 2506 528 2543 collecta
552 2511 659 2553 atque
687 2512 850 2555 respecta
874 2512 1003 2544 essent.
1047 2529 1049 2532 .

225 338 320 384 Ἕω
338 338 419 382 hoc
450 336 707 394 Originis
737 337 830 381 loco
863 335 916 394 (c.
940 336 1050 380 Cels.
1071 336 1163 391 Vll,
1196 350 1307 380 num.
1339 336 1407 380 cit.
1436 338 1523 380 720
1552 334 1621 380 ed.
1643 334 1801 392 Migne,
1866 387 1869 389 ,
