2010 3019
0 157 813 258 ἦ181581811111111ρῖ38111111.111γ81
844 197 948 251 Aeg.
979 196 1021 250 Ι,
1067 196 1139 249 11,
1180 207 1218 235 v.
1251 190 1347 235 Sch.
1386 204 1426 245 p.
1460 189 1552 232 335
1594 187 1689 230 adn.
1719 187 1762 228 4.

157 273 288 316 Elias
321 273 432 316 Oret.
476 271 534 314 ad
577 271 705 324 Greg.
750 268 853 310 Naz.
899 280 957 309 or.
1003 227 1149 307 XXIII
1195 277 1234 317 p.
1275 262 1383 305 836:
1431 260 1546 312 Quos
1591 258 1762 314 quidem

159 342 402 400 (offerentes
432 342 620 398 turpiora
648 336 876 394 sacrificia)
905 335 1086 379 irridens
1117 334 1377 379 Heraclitus:
1409 337 1661 388 purgantur,
1697 331 1759 374 in-

159 414 272 469 quit,
312 427 405 456 cum
435 425 582 456 cruore
612 408 873 466 polluuntur,
914 421 998 450 non
1038 419 1160 450 secus
1191 419 1242 447 ac
1271 404 1309 447 si
1339 404 1433 458 quis
1463 403 1506 444 in
1536 403 1669 445 lutum
1698 401 1760 443 in-

104 478 106 480 ’
160 496 331 540 gressus
361 484 448 527 luto
479 496 525 527 se
555 479 732 538 abluat).

277 555 504 597 Praeterea
534 552 719 607 Orphica
749 557 792 593 et
820 549 1037 592 Eleusinia
1065 547 1269 603 mysteria
1304 547 1513 590 artissime
1544 546 1765 589 coniuncta

163 630 282 668 erant
302 630 344 667 et
364 624 576 667 Pisistrati
605 621 809 666 beneficio
839 620 1020 662 maxime
1052 619 1295 662 colebantur
1325 623 1368 661 et
1395 616 1764 672 pervulgabantur.

163 695 287 746 Quod
316 700 457 737 autem
487 694 726 737 Heraclitus
756 691 998 735 Eleusiniae
1024 690 1187 733 Cereris
1218 689 1347 732 cultui
1378 693 1572 744 praeerat
1593 687 1764 742 Ephesi,

162 765 430 808 manifestum
466 769 549 818 est,
592 754 957 817 eum'praecepta
996 766 1037 803 et
1076 760 1332 803 ceremonias
1364 759 1581 801 amborum
1609 762 1764 812 myste-

163 836 316 879 riorum
354 834 621 890 perspexisse
660 823 788 887 atque
820 833 1067 887 cognovisse
1108 832 1266 887 (Strab.
1298 831 1412 885 XIV,
1449 833 1483 884 1,
1517 831 1552 889 3·
1575 843 1613 884 p.
1647 829 1765 887 633).

164 906 311 959 Neque
340 905 480 947 'facile
520 902 744 958 Bernaysii
794 901 1053 947 emendatio:
1105 896 1128 944 ὃ
1174 898 1447 952 Ποντικὸς
1488 894 1768 958 (Ηρακλείδης

166 974 287 1032 (mus
319 974 432 1017 rhen.
464 975 555 1029 VII,
588 988 627 1029 p.
654 976 711 1017 98
743 972 840 1015 adn.
870 972 910 1029 l)
941 973 1111 1028 probari
1141 978 1281 1028 potest
1312 986 1375 1028 eo,
1407 972 1521 1027 quod
1551 972 1769 1027 permultis

136 1052 138 1054 '
166 1045 282 1101 locis,
315 1058 419 1100 quos
450 1045 624 1100 perlegi,
653 1058 680 1086 a
709 1057 776 1086 me
797 1056 1011 1097 nunquam
1037 1044 1209 1086 inventa
1229 1048 1294 1086 est
1323 1044 1470 1087 lectio:
1502 1037 1525 1086 ὁ
1557 1038 1771 1092 Ποντικὸς

163 1108 460 1172 εΗρακλείόης,
501 1115 576 1157 sed
606 1115 785 1169 ubique:
827 1108 1105 1171 ‘annzeidqg
1136 1107 1159 1157 ὃ
1189 1111 1418 1167 Ποντικὸς,
1462 1119 1606 1157 contra
1640 1125 1770 1168 saepe

168 1199 338 1228 numero
368 1186 474 1239 legi:
522 1179 544 1227 ὃ
575 1181 754 1242 φυσικὸς
787 1178 1083 1240 εΗροίκλειτος,
1126 1178 1148 1227 ὁ
1178 1181 1393 1235 σκοτεινὸς
1419 1178 1698 1241 εΗρ(1ἰκλ,ειτος
1729 1188 1771 1226 et

165 1248 441 1313 εΗροίκλειτος
473 1248 495 1298 ὁ
526 1251 725 1313 φυσικὸς,
763 1248 857 1313 εΗρ.
898 1248 920 1298 ὃ
951 1250 1165 1306 σκοτεινὸς
1204 1255 1274 1310 (cf.
1308 1255 1404 1298 Seh.
1436 1269 1475 1310 p.
1514 1256 1612 1309 1683
1652 1255 1770 1310 Byw.

169 1325 309 1369 adnot.
356 1340 451 1380 pag.
499 1328 563 1369 10.
610 1329 678 1369 24.
727 1327 794 1369 26.
840 1327 908 1368 27.
961 1332 1004 1368 et
1048 1326 1120 1381 al.)
1192 1325 1386 1381 Accedit,
1439 1324 1553 1379 quod
1602 1338 1656 1367 ex
1705 1324 1772 1367 his

169 1395 332 1439 duobus
352 1396 514 1439 mendis
535 1398 679 1451 utique
701 1396 865 1439 facilius
887 1401 1013 1451 atque
1030 1396 1214 1440 crebrius
1235 1397 1486 1439 vocabulum
1495 1389 1775 1453 εΗροίκλειτος

170 1466 213 1509 in
240 1460 518 1524 ςΗρακλείδης
547 1467 760 1511 immutari
789 1472 967 1523 poterat,
1002 1467 1047 1509 id
1077 1468 1197 1522 quod
1223 1468 1478 1523 Bernaysius
1510 1468 1602 1522 ipse
1633 1467 1775 1510 multis

171 1538 276 1581 locis
316 1538 456 1581 allatis
497 1537 601 1580 satis
641 1538 912 1582 demonstrat.
975 1538 1021 1582 Si
1059 1538 1153 1593 quis
1184 1538 1386 1595 denique,
1428 1544 1474 1583 ut
1508 1538 1774 1594 Bernaysffls,

173 1609 340 1664 obiciat,
374 1610 552 1652 colorem
584 1610 706 1653 huius
737 1611 820 1654 loci
849 1625 932 1653 non
964 1624 1193 1665 congruere
1214 1609 1396 1665 ⁴Jonicis‚
1429 1611 1551 1665 parvi
1577 1610 1778 1653 momenti

174 1686 250 1734 est,
284 1693 377 1723 cum
397 1680 601 1723 Heracliti
621 1681 857 1724 sententiae
877 1694 1014 1736 neque
1034 1681 1174 1725 verbis
1206 1682 1295 1724 eius
1325 1682 1503 1725 vetustis
1535 1680 1777 1725 reddendae

178 1764 312 1805 neque
343 1763 508 1805 semper
538 1750 731 1795 redditae
762 1752 867 1807 sint3
909 1757 1168 1807 quapropter
1198 1765 1495 1807 nonnunquam
1527 1752 1778 1795 Schusterus

175 1833 249 1863 eas
291 1820 466 1874 antiqua
503 1821 692 1865 oratione
731 1822 952 1865 restituere
991 1822 1144 1866 studet.
1211 1823 1349 1878 Atque
1389 1823 1648 1878 Bernaysius
1686 1823 1778 1877 ipse

174 1891 413 1934 Aristotelis
453 1891 589 1933 locum
628 1892 838 1945 quendam
868 1894 1150 1936 Heracliteum
1191 1907 1285 1937 esse
1323 1898 1484 1950 censet,
1527 1907 1780 1949 quamquam

176 1974 259 2004 non
289 1965 354 2003 est
384 1960 534 2003 Jonica
563 1961 744 2005 dialecto
776 1958 1001 2018 eXpressus
1032 1968 1150 2014 (mus.
1181 1965 1297 2007 rhen.
1328 1979 1368 2020 p.
1401 1967 1486 2009 265
1517 1970 1560 2008 et
1579 1950 1706 2020 adn.)

294 2030 412 2082 Quae
442 2044 569 2084 quum
598 2031 661 2074 ita
690 2033 795 2087 sint,
837 2034 941 2076 mihi
970 2035 1141 2095 quidem
1171 2035 1321 2079 Cobeti
1356 2035 1598 2080 coniectura
1627 2035 1779 2091 proba-

177 2101 302 2145 bilior
328 2099 496 2144 videtur
525 2114 638 2157 esse;
680 2116 932 2159 quamquam
972 2119 1056 2149 non
1086 2120 1256 2161 prorsus
1287 2121 1444 2162 negare
1473 2109 1617 2162 velim,
1652 2108 1782 2150 verba

178 2184 206 2213 a
234 2172 462 2214 scholiasta
492 2172 626 2214 relata
654 2186 780 2229 posse
810 2175 1062 2219 Heraclidae
1093 2190 1198 2234 esse,
1236 2177 1309 2233 qui
1339 2178 1542 2222 Heracliti
1573 2177 1783 2234 quendam

168 2241 236 2286 ,de
257 2241 453 2298 Orphicis
473 2243 685 2298 mysteriis
715 2246 854 2289 locum
884 2248 1062 2290 forsitan
1093 2249 1385 2303 explicaverit;
1418 2256 1509 2292 erat
1530 2250 1640 2293 enim
1661 2263 1781 2304 prae-

181 2312 328 2375 cipuus
359 2305 661 2368 ,,“Ηρακλείτου
692 2310 932 2374 ἐξηγητής.“

224 2375 228 2378 ’
298 2381 369 2424 Sic
404 2381 448 2423 in
485 2381 565 2424 hac
602 2396 770 2438 quoquc
809 2399 854 2429 re
885 2388 1101 2443 Euripidis
1132 2394 1174 2432 et
1204 2390 1409 2433 Heracliti
1441 2390 1641 2445 quiddam
1672 2405 1781 2439 com-⁷

32 2459 34 2467 ³
64 2460 71 2464 “
97 2490 101 2493 ,
180 2465 304 2500 mune
325 2465 418 2495 esse
438 2451 614 2495 videtur.
665 2454 893 2500 Praeterea
913 2459 1130 2514 utriusque
1151 2465 1227 2516 est,
1260 2461 1543 2517 etymologica
1567 2461 1783 2506 notatione

139 2534 142 2538 ·
181 2523 367 2567 nomina
379 2523 562 2579 propria,
593 2524 785 2581 inprimis
816 2527 988 2573 deorum
1019 2530 1296 2586 interpretari.
1348 2532 1445 2576 Jam
1474 2546 1604 2588 supra
1624 2532 1782 2576 dictum

183 2598 260 2649 est,
293 2600 339 2637 ut
369 2594 453 2637 alia
481 2596 825 2654 praetermittam,
857 2599 1117 2645 Heraclitum
1146 2615 1299 2645 nomen
1329 2599 1466 2661 Ζηνὸς
1496 2617 1521 2645 a
1550 2604 1680 2647 verbo
1710 2602 1784 2660 ζῆν

182 2660 366 2709 duxisse.
418 2665 605 2709 Similem
634 2666 994 2723 interpretationis
1024 2671 1229 2715 rationem
1256 2679 1424 2717 secutus
1444 2673 1668 2729 Euripides
1689 2685 1782 2716 cum

83 2757 98 2766 ψ
181 2732 279 2803 aliis
308 2733 427 2792 locis,
457 2741 545 2779 tum
573 2735 640 2780 his
670 2736 794 2781 dicit:

273 2799 482 2860 ’Πένθεὺς
497 2797 539 2850 δ’
575 2801 694 2859 ὅπως
722 2804 779 2866 μὴ
814 2808 978 2863 πένθος
1008 2810 1183 2856 εἰσοίσει
1213 2808 1364 2868 δόμοις
1395 2814 1564 2872 (Bacch.
1596 2815 1712 2872 367).
