2010 3019
673 75 679 82 ⁸
930 52 986 94 33

915 205 1005 252 ΙΙΙ.

642 291 847 354 Λόγος
892 289 1283 353 θεολογικός.

272 410 392 452 Hanc
422 411 582 462 partem
614 404 740 457 longe
770 403 983 445 minimam
1014 402 1292 458 amplitudine
1322 416 1416 445 esse
1448 407 1489 444 et
1519 407 1646 445 antea
1675 401 1761 445 dic-

156 487 243 525 tum
274 485 338 523 est
370 485 411 521 et
442 476 538 518 inde
569 479 759 528 apparet,
793 473 906 528 quod
936 474 1076 516 multis
1108 473 1211 515 locis
1244 479 1285 515 et
1315 473 1530 527 Euripidis
1562 478 1604 515 et
1631 474 1761 515 Hera-

157 551 245 596 cliti
274 550 336 594 ita
366 547 418 590 de
448 545 573 589 rebus
606 542 759 586 divinis
791 543 1028 600 disseritur,
1071 548 1117 586 ut
1156 542 1298 598 potius
1339 543 1499 598 primae
1538 548 1611 586 aut
1642 542 1764 586 alteri

156 616 268 678 parti
297 616 556 671 adiungendi
588 615 683 657 sint.

272 689 340 732 Ad
370 685 572 731 Heracliti
611 697 735 742 φυσει
776 675 931 741 ὀρθὸν
937 700 1010 726 και
1040 682 1207 727 δίκαιον
1248 684 1304 739 (V.
1339 683 1434 726 Seh.
1466 697 1506 738 p.
1538 684 1634 726 325.
1666 684 1762 726 319.

158 763 253 806 333.
287 761 387 811 347)
418 756 658 813 pertinere
657 753 854 797 videntur
884 754 1099 809 Euripidis
1130 768 1298 798 versus·

274 835 333 886 01³>
363 838 441 898 γὰρ
471 832 664 895 κρεῖσσόν
696 852 803 879 ποτε
833 840 916 879 τῶν
947 832 1085 890 νόμων
1116 833 1358 893 γιγνῴσκειν
1376 834 1449 894 χρη
1478 836 1550 879 καὶ
1571 837 1762 891 μελετᾶν.

273 907 413 969 κούφα
443 907 520 966 γὰρ
551 903 726 951 δαπάνα
755 906 938 961 νομίζειν
969 904 1084 961 ἰσχὺν
1115 899 1209 950 τόδ’
1244 905 1362 960 ἔχειν,

274 977 309 1034 ὅ,
339 996 389 1023 τι
413 972 509 1022 ποτ’
544 973 626 1035 ἷίρα
655 975 705 1020 τὸ
736 973 968 1032 δαιμόνιον,
1004 972 1053 1020 τό
1083 969 1118 1019 τ’
1154 977 1197 1020 ἐν
1224 972 1356 1034 χρόνῳ
1386 978 1533 1034 μακρῷ

274 1046 499 1105 νόμιμον
529 1041 596 1091 ἀεὶ
627 1043 781 1106 φύσει
811 1063 865 1090 τε
896 1043 1086 1105 πεφυκός
1116 1048 1289 1103 (Bacch.
1323 1050 1436 1102 891).

274 1135 338 1176 De
378 1131 538 1187 poetis,
580 1135 625 1173 ut
665 1130 847 1173 Homero
886 1135 927 1172 et
968 1130 1173 1185 Hesiodo,
1217 1130 1452 1173 Heraclitus
1492 1130 1598 1173 haec
1635 1130 1761 1173 dicit:

101 1211 103 1214 ’
159 1201 275 1260 (τοὺς
306 1198 507 1259 ποιητὰς)
554 1199 650 1257 δίκη
680 1195 979 1256 καταλήψεται
1010 1201 1222 1253 ψευδῶν
1253 1199 1516 1252 τέκτονας
1562 1199 1635 1242 καὶ
1655 1195 1763 1256 μάρ-

157 1289 300 1330 τυρας,
353 1263 620 1321 ἀπίστους
663 1262 1073 1328 ἀμφισβητουμένων
1113 1265 1349 1326 βεβαιωτάς
1403 1270 1518 1325 (Sch.
1566 1271 1615 1312 fr.
1667 1272 1761 1314 136.

161 1345 242 1386 136
254 1343 313 1391 b).

273 1413 327 1455 Et
346 1412 438 1466 ipse
459 1411 684 1466 Euripides
705 1411 861 1453 fabulis
882 1410 1003 1465 fictis,
1037 1424 1144 1464 quae
1171 1424 1197 1452 a
1227 1411 1362 1465 poetis
1393 1410 1625 1466 traduntur,
1658 1424 1761 1454 sane

158 1481 353 1524 diffidens
384 1487 537 1535 monet,
569 1495 621 1524 ne
653 1481 714 1524 eis
746 1480 1024 1523 confidamus:

296 1563 449 1605 Δεῖται
478 1552 557 1619 γαρ
588 1555 610 1604 ὃ
640 1557 755 1613 θεός,
787 1558 905 1617 εἴπερ
936 1553 1019 1604 ἔστ’
1053 1555 1186 1612 ὅντως
1215 1556 1330 1613 θεός,

296 1623 484 1682 οὗδενός·
516 1624 714 1675 ἇοιδῶν
746 1632 865 1674 οίδε
895 1626 1152 1688 δύστηνοι
1184 1627 1338 1687 λόγοι
1370 1633 1510 1686 (Herc.
1547 1631 1690 1688 1345)

296 1693 442 1752 Οὗδεὶς
472 1701 520 1744 δὲ
548 1703 721 1759 θνητῶν
750 1705 846 1752 ταῖς
875 1697 1018 1755 τύχαις
1048 1694 1272 1759 ακήρατός,

296 1762 343 1813 οὗ
374 1772 499 1823 θεῶν,
531 1763 730 1815 ἆοιδῶν
759 1769 879 1828 εἰπερ
911 1764 959 1814 οὗ
991 1772 1216 1828 ψευδεῖς
1248 1767 1366 1827 λόγοι
1398 1746 1538 1826 (Hele.
1575 1772 1718 1827 1315).

293 1835 515 1891 Μύθοις
547 1833 588 1884 δ
623 1836 801 1892 αλλως
832 1836 1150 1922 φερόμεσθα
1181 1841 1369 1897 (Hippol.
1406 1842 1521 1897 197).

296 1910 536 1967 Φοβεροὶ
568 1910 616 1954 δὲ
645 1915 838 1969 βροτοῖσι
868 1907 1027 1966 μύθοις

293 1978 501 2035 Κέρδος
532 1978 641 2038 πρὸς
672 1984 787 2025 θεῶν
816 1980 1053 2040 θεραπείας
1084 1983 1253 2036 (Electr.
1287 1982 1402 2037 743)

269 2060 335 2101 De
365 2060 578 2104 hominum
607 2077 723 2106 more
755 2063 878 2106 deum
907 2064 950 2105 in
982 2064 1110 2106 aedes
1152 2063 1430 2106 concludendi
1462 2065 1597 2107 locum
1629 2076 1757 2119 quen-

154 2127 251 2171 dam
281 2129 515 2175 invenimus
556 2133 599 2175 in
630 2134 751 2189 epist.
782 2135 948 2177 Heracl.
981 2135 1050 2189 IV,
1082 2134 1161 2176 fin:
1208 2125 1294 2191 Αρ’
1330 2126 1406 2177 οὒκ
1447 2132 1535 2188 εἰμι
1575 2125 1759 2190 εὐσεβής,

149 2189 395 2280 Εῧθῦκλεις,
428 2216 473 2250 ος
500 2197 639 2283 μόνος
662 2199 760 2246 οἶδα
779 2199 894 2258 θεόν,
932 2200 983 2246 σὺ
1011 2202 1058 2246 δὲ
1087 2203 1160 2246 καὶ
1189 2200 1352 2260 θρασὺς
1383 2202 1539 2246 εἰδέναι
1571 2198 1760 2257 οἰόμενος
1999 2250 2010 2260 u

72 2282 74 2287 ·
153 2265 227 2309 καὶ
265 2258 421 2324 ἇσεβής
465 2267 540 2313 τὸν
584 2269 640 2328 μὴ
690 2268 793 2316 όντα
837 2274 999 2325 δοκῶν,·
1043 2270 1133 2315 ἐὰν
1179 2272 1232 2315 δὲ
1275 2270 1340 2329 μὴ
1389 2270 1589 2330 ιδρυθῇ
1632 2273 1761 2315 θεοῦ
1974 2264 2010 2334 ξ

154 2330 350 2390 βωμός,
392 2329 484 2379 οὖκ
525 2337 644 2383 ε’στι
684 2337 835 2394 θεός,
877 2338 966 2385 ἐὰν
1007 2341 1060 2385 δὲ
1099 2339 1297 2400 ἱδρυθῗ
1336 2339 1399 2400 μὴ
1440 2344 1595 2395 θεοῖ,
1635 2337 1760 2392 θεὸς
1999 2343 2010 2348 ”’

153 2400 318 2457 ἐστιν,
368 2401 503 2450 ὥστε
541 2407 703 2454 λίθοι
743 2414 879 2455 θεῶν
919 2407 1206 2470 μάρτυρες,
1256 2426 1435 2467 quocum
1482 2412 1758 2456 conferendus

127 2500 131 2506 ·
155 2478 220 2518 est
250 2474 464 2530 Euripidis
502 2477 649 2535 (Clem.
680 2484 745 2526 Al.
776 2488 916 2526 strom.
949 2483 997 2539 V,
1029 2497 1068 2538 p.
1098 2485 1187 2526 584
1217 2483 1282 2538 B).

6 2561 46 2587 w
362 2548 533 2600 Ποῖος
563 2541 604 2591 δ’
638 2545 697 2594 ἂν
728 2548 904 2605 οἶκος,
936 2548 1143 2595 τεκτόνων
1174 2552 1388 2603 πλασθεὶς
1419 2549 1505 2595 {ino
2000 2558 2010 2601 i

32 2623 34 2625 ’
362 2613 544 2669 Λέμας
574 2615 630 2662 τὸ
661 2624 824 2664 θεῖον
855 2617 1142 2679 περιβάλοι
1170 2620 1324 2676 τοίχων
1354 2626 1555 2676 πτυχαῖς;
1990 2606 2010 2669 ἕ

0 2717 3 2720 >
64 2756 68 2757 ⁷
271 2695 510 2740 Heraclitus
548 2699 613 2743 his
652 2701 817 2747 duobus
858 2704 1104 2760 fragmentis
1146 2717 1238 2748 cum
1277 2704 1394 2748 illum
1424 2717 1476 2747 ea
1506 2707 1643 2747 aetate
1674 2702 1758 2746 iam
1991 2670 2010 2754 Ξ

0 2753 44 2787 Ι
152 2761 536 2812 inhonestissimum
588 2769 763 2815 deorum
819 2775 994 2830 cultum,
1051 2780 1138 2817 tum
1195 2775 1487 2830 mysteriorum
1538 2772 1758 2816 lasciviam
1979 2756 2010 2832 2}

0 2880 82 2956 Ξ
1519 2834 1545 2876 3
1971 2833 2010 3019 Ξ

0 2958 99 3019 im
180 3015 184 3019 ,
232 3012 235 3014 .
440 3003 444 3006 -
472 2979 481 2983 ’
1888 2977 1909 2989 ”
1944 2959 1996 3019 ἶὲ
