2010 3019
136 216 245 278 gne
269 214 443 276 fecisse,
481 217 530 257 ut
549 210 878 267 Euripidem
914 216 958 255 et
996 210 1285 255 Socratem
1305 210 1352 268 1)
1413 212 1633 267 Diogenes
1665 211 1778 255 enim

149 282 352 331 Laertius
383 282 457 341 (ΙΙ,
479 282 558 339 22)
589 281 741 326 tradit:
777 280 892 324 Φασὶ
912 272 952 324 6³
971 273 1209 339 Εὐριπίδην
1230 272 1346 339 αῧτῷ
1367 276 1631 363 (Σωκράτει)
1645 275 1776 325 δόντα

145 340 434 413 νἩζρακλλειῧιῑου
465 347 728 410 σύγγραμμα,
760 350 949 408 ἐρέσθαι,
986 349 1038 394 Τι’
1070 351 1211 403 ὃοκεῖ;
1246 348 1331 395 Τὸν
1363 350 1410 395 δὲ
1441 346 1587 408 φάναι,
1606 345 1666 393 Λ
1694 350 1773 406 μὲν

100 435 104 438 “
129 481 133 485 .
155 424 329 484 συνῆκα,
358 435 551 480 γενναια·
584 416 706 476 οἶμαι
727 420 787 474 δὲ,
818 420 892 464 καὶ
913 438 941 464 α
956 417 1017 485 μὴ
1051 422 1234 478 συνῆκα·
1267 417 1382 479 πλὴν
1403 419 1569 479 Δηλίου
1590 420 1637 478 γέ
1656 437 1774 473 τινος

71 512 79 514 “
148 496 294 554 δεῖται
322 493 605 550 κολυμβητοῦ.

82 558 93 564 “
151 564 155 567 ’
249 563 401 619 Atqui
431 576 577 606 omnes
608 562 697 605 fere
729 562 969 618 scriptores,
1003 563 1076 617 qui
1106 563 1187 606 hoc
1217 563 1261 605 in
1291 576 1449 618 genere
1469 562 1630 606 versati
1661 568 1772 618 sunt,

71 632 74 657 ³
98 662 109 674 --
153 636 200 680 id
231 634 500 681 consentiunt
520 632 767 689 Euripidem
797 633 922 677 unius
943 634 1227 688 Anaxagorae
1250 633 1514 678 institutione
1535 647 1656 677 usum
1678 646 1773 677 esse

154 706 328 762 eiusque
358 704 490 748 solius
520 704 681 759 placita
701 703 867 759 (fabulis
894 703 982 747 suis
1003 704 1247 760 intexuisse,
1280 703 1605 761 cui‘sententiae
1625 717 1652 746 a
1672 703 1775 747 viris

124 776 290 834 ‘doctis
331 774 591 830 temporibus
631 774 798 830 imperii
839 774 1020 818 Romani
1065 780 1108 818 et
1149 774 1424 818 occidentalis
1471 779 1513 817 et
1555 773 1774 831 orientalis

0 847 46 880 >l
87 841 91 850 ²
151 845 397 904 propositae
427 845 683 889 recentiores
714 845 920 901 philologi
939 845 1070 889 ferme
1097 859 1247 893 omnes
1263 845 1618 901 assentiebantur,
1649 857 1772 902 prae-

0 912 31 968 Ξ
62 923 65 925 ’
151 915 297 960 sertim
338 928 467 970 quum
507 915 714 959 Heracliti
755 915 995 971 fragmenta
1038 915 1149 959 iusto
1195 915 1332 971 magis
1377 915 1575 970 neglecta
1615 920 1772 972 essent.

0 978 46 996 '⁹'
151 986 247 1039 Qua
290 986 344 1029 de
387 1000 517 1030 causa
556 986 950 1030 Valkenaerus
994 987 1037 1029 in
1084 986 1270 1030 editione
1310 980 1637 1040 Phoenissarum
1677 1000 1772 1029 eam

151 1057 442 1114 quaestionem
472 1069 621 1112 parum
646 1058 900 1112 explanasse
925 1056 1102 1113 videtur,
1137 1070 1230 1100 cum
1257 1055 1362 1101 satis
1383 1056 1559 1100 haberet
1578 1055 1769 1100 indicare

104 1183 109 1193 Ι
147 1127 399 1183 Euripidem
428 1141 555 1171 versu
589 1129 700 1171 1168
732 1128 995 1171 Heraclitum
1026 1118 1237 1170 imitatum
1267 1140 1374 1170 esse.

266 1198 416 1253 Neque
447 1203 590 1241 tamen
619 1197 934 1241 Aristotelis
957 1197 992 1253 2)
1031 1211 1128 1241 acre
1167 1196 1382 1252 ingenium
1421 1196 1571 1252 effugit
1601 1197 1769 1253 Euripi-

147 1268 245 1311 dem
285 1281 368 1310 non
400 1269 536 1311 solum
566 1269 849 1322 Anaxagorae
882 1268 1109 1323 disciplina
1146 1265 1384 1310 institutum
1422 1267 1574 1321 fuisse,
1618 1267 1695 1310 sed
1726 1268 1770 1310 in

147 1337 386 1382 fabularum
417 1338 721 1393 compositione
758 1337 885 1381 etiam
916 1337 1122 1381 Heracliti
1161 1337 1318 1393 placita
1348 1336 1610 1392 respexisse,
1652 1337 1768 1392 quod

147 1407 464 1451 Plutarchus
482 1408 516 1465 ³)
549 1408 652 1451 item
682 1407 990 1451 animadvertit.
1042 1407 1205 1460 Quodsi
1236 1422 1300 1463 ea,
1334 1421 1444 1462 quae
1465 1407 1683 1462 Diogenes
1715 1409 1765 1451 L.

148 1480 228 1534 (ΙΙ,
250 1480 308 1522 22
329 1478 414 1521 iam
435 1492 566 1534 supra
586 1477 724 1535 allat.)
755 1479 982 1549 memoriae
1003 1478 1203 1534 prodidit,
1238 1491 1529 1533 comparamus
1561 1491 1655 1520 cum
1685 1478 1767 1521 hoc

146 1548 356 1591 Athenaei
387 1549 476 1604 (IV,
513 1548 615 1605 134)
646 1548 761 1592 loco:
798 1541 1056 1607 Ἀντιφάνης
1087 1547 1131 1591 ἐν
1161 1547 1402 1606 Καρσὶ...
1441 1548 1639 1605 κωμῳδεῖ
1669 1563 1767 1591 τινα

144 1619 230 1660 τιῖν
260 1620 408 1677 σοφῶν
439 1612 496 1670 ὥς
528 1615 647 1677 παρὰ
678 1619 854 1662 δεῖπνον
885 1610 1147 1676 ορχούμενον,
1179 1617 1312 1675 λέγων
1344 1613 1503 1669 οὕτως·

780 1722 789 1731 .
814 1722 823 1731 .
857 1680 929 1743 οὔχ
961 1682 1062 1746 ὁρᾷς
1092 1680 1341 1746 ὀρχούμενον

353 1762 449 1810 ταῖς
477 1757 594 1816 χερσὶ
624 1756 698 1802 τὸν
728 1754 941 1817 βάκηλον,
977 1750 1066 1802 οὗδ
1101 1753 1343 1813 αἰσχύνεται

356 1823 378 1872 ὃ
410 1825 507 1873 τὸν
534 1823 902 1888 ςΗροίκλιειτον
933 1830 1100 1873 ysam
1131 1824 1508 1886 ἐξηγούμενος,

351 1893 375 1943 ὃ
407 1896 486 1957 τὴν
518 1898 756 1944 Θεοδέκτου
786 1895 916 1955 μόνος
946 1892 1182 1957 ἀνευρηκὼς
1212 1897 1370 1957 τέχνην,

30 2020 31 2023 ¹
351 1963 374 2012 ὃ
407 1967 471 2013 vu*
508 1964 773 2028 κεφάλεια
804 1965 1137 2028 συγγράφων
1168 1967 1464 2028 Εὐριπίδῃ,

61 2045 98 2086 ἶζμ
121 2042 268 2094 ,atque
299 2038 409 2083 hunc
439 2040 736 2097 Xenophontis
769 2040 910 2095 (mem.
943 2042 976 2096 Ι,
1011 2041 1049 2097 6,
1086 2039 1158 2097 14)
1190 2041 1338 2096 locum,
1377 2040 1449 2095 qui
1479 2045 1595 2083 recte
1627 2040 1760 2096 expli-

139 2106 259 2152 catur
296 2099 389 2153 loco
431 2111 582 2168 allato,
622 2110 843 2154 addimus:
890 2110 965 2154 καὶ
1004 2107 1104 2162 τοὺς
1145 2107 1388 2168 θησαυροὺς
1432 2112 1537 2153 τῶν
1583 2106 1761 2153 πάλαι

0 2180 83 2207 z
138 2179 323 2237 σοφῶν
353 2173 581 2239 ανὸραν,
613 2175 686 2233 οὕς
713 2180 868 2226 ἐκεῖνοι
887 2180 1123 2225 κατέλιπον
1154 2180 1197 2225 ἐν
1227 2178 1475 2239 βιβλίοις
1506 2175 1761 2239 γράψαντες,

0 2271 111 2317 {15
136 2245 366 2296 ἀνελίττων
386 2252 508 2308 κοινῇ
538 2264 635 2294 συν
665 2255 787 2303 τοῖς
818 2250 1007 2310 φιλοις
1037 2251 1330 2309 διέρχομαι
1358 2268 1432 2294 και
1453 2269 1504 2295 αν
1534 2267 1578 2294 τι
1600 2246 1794 2310 ορῶμενμ

107 2309 324 2395 ‘dyc-&om
369 2315 740 2378 ἐκλεγόμεθαε
787 2322 858 2367 ille
902 2324 1129 2379 „Socrates
1161 2322 1422 2366 Heraclitum
1460 2323 1654 2367 omnibus
1686 2337 1759 2368 ex-

1540 2393 1757 2406 ooooo

71 2467 103 2517 41..
117 2455 411 2523 gatnicissimo,
456 2472 581 2516 quem
630 2462 802 2525 quidem
847 2463 890 2506 in
935 2463 1091 2528 fabulis
1135 2475 1303 2518 quoque
1344 2463 1668 2520 componendis,
1715 2469 1762 2509 ut
1832 2476 1836 2478 ’

42 2632 45 2635 Δ
81 2627 83 2629 ,
223 2588 288 2634 1-)
314 2587 958 2637 of.Xen0ph.mem.I‚6‚14:uoei
983 2587 1065 2627 τοὺς
1090 2587 1298 2638 θησαυοοὺς
1323 2590 1411 2624 τῶν
1437 2586 1579 2624 πάλαι
1604 2592 1760 2639 σοφῶν

52 2640 53 2643 ¹
109 2642 339 2693 'Ardeam
376 2661 437 2685 ους
462 2651 596 2684 ἐκεῖνοι
622 2649 818 2686 κατέλιπον
848 2653 890 2686 ἐν
912 2649 1124 2719 βιβλίοις
1157 2646 1382 2698 γράψαντες,
1416 2647 1621 2685 ἀνελίττων
1653 2652 1760 2700 κοινῇ

66 2707 102 2722 “’·
132 2699 217 2737 σὺν
239 2709 335 2742 τοῖς
357 2705 514 2753 φίλοις
539 2706 783 2755 διέρχομαι
808 2713 878 2751 καὶ,
905 2708 955 2744 α’ν
979 2723 1015 2744 τι
1039 2709 1182 2756 ὁρῶμεν
1206 2705 1374 2757 ἀγαθόν,
1398 2705 1696 2757 ἐκλεγόμεθα.

220 2763 286 2810 2)
310 2765 396 2803 Eth.
421 2767 504 2804 Nic.
530 2768 632 2812 VIII,
658 2773 691 2813 2,
717 2782 752 2817 p.
781 2770 982 2814 1155b13
1008 2769 1052 2806 cf.
1078 2770 1162 2806 Eth.
1186 2769 1276 2807 Eud.
1295 2769 1396 2814 VIII,
1426 2773 1457 2814 1,
1481 2781 1516 2816 p.
1539 2772 1677 2808 1235a
1703 2773 1758 2808 16.

247 2818 300 2868 3)
309 2822 353 2875 de
376 2824 471 2861 Iside
497 2829 553 2871 45,
578 2839 614 2873 Ρ.
640 2829 723 2872 369.
