2010 3019
142 209 290 277 “j-est,
318 220 364 259 ut
404 213 520 259 haud
561 214 770 259 immerito
810 214 1083 271 physicorum
1114 214 1369 259 novissimus
1400 213 1641 266 existimari
1666 213 1817 278 116888.

71 278 107 331 5⁵?
155 282 312 345 Quae
342 290 486 329 autem
517 284 573 330 de
604 285 802 342 „mente“
832 283 953 343 (περὶ
983 283 1078 342 νοῦ)
1108 285 1343 342 proposuit,
1373 285 1480 330 talia
1510 279 1644 345 erant,
1670 290 1729 331 ut
1749 281 1824 334 fa-

146 363 148 365 ’
189 354 353 401 millam
384 354 541 400 ducere
571 361 729 411 posset.
790 355 877 400 Sed
906 355 1052 399 nescio
1081 367 1138 399 an
1168 361 1448 411 perventurus
1478 355 1608 400 fuerit
1637 355 1695 400 ad
1724 344 1820 401 88111

188 420 465 482 sententiam,
503 425 588 470 nisi
596 421 692 481 qui
722 430 851 469 antea
891 425 935 468 in
973 414 1055 468 hoc
1094 438 1251 480 genere
1281 425 1441 470 versati
1470 431 1611 483 erant,
1652 426 1819 470 omnem

90 539 93 543 .
120 499 124 501 “
181 496 284 549 -fere
312 496 442 541 aliam
473 496 682 546 rationem
718 508 859 540 rerum
900 500 1096 539 naturam
1127 495 1388 553 explanandi
1418 490 1828 554 praeoccupassent„
1855 527 1870 551 χ
1927 502 1943 548 ,ἓ

0 584 76 645 g
184 560 237 611 id
276 566 394 623 quod
434 566 564 610 etiam
604 565 702 609 inde
740 571 941 622 apparet,
983 578 1112 622 quam
1142 579 1227 610 non
1258 565 1333 609 illa
1373 567 1569 623 „mente“
1608 567 1654 610 in
1683 566 1819 624 philo·
1874 624 1880 629 ὓ
1928 617 1929 621 ¹

0 644 41 692 3?-
70 652 91 681 x
190 636 369 696 sophiae
399 650 504 682 suae
534 636 698 681 ratione
728 649 831 681 usus
862 636 928 688 sit.
979 637 1099 681 Mens
1129 636 1243 681 enim
1273 636 1349 681 illa
1376 637 1458 682 fuit
1488 638 1529 682 ei
1560 638 1684 693 quasi
1714 636 1820 683 deus
1891 679 1894 681 .
1936 652 1943 671 -τ

0 714 72 759 a}
125 731 129 732 ⁷
190 722 247 754 ex
275 707 474 752 machina
502 707 548 750 in
573 707 699 751 rebus
721 706 1004 751 exterioribus
1024 707 1310 752 enucleandis.
1366 708 1454 752 Sed
1473 722 1526 752 ne
1545 708 1628 753 hoc
1649 708 1821 764 quidem

161 796 172 800 -
195 782 472 835 praeceptum
508 777 615 821 'sine
665 777 754 820 ulla
805 790 898 821 cum
948 777 1135 832 priorum
1186 777 1534 835 philosophorum
1584 778 1820 836 disciplinis
1918 815 1922 834 3

192 839 490 902 coniunctione
532 847 768 904 coustituit,
811 849 905 891 cum
945 847 1039 903 ipse
1070 847 1312 892 Heraclitus
1343 849 1524 892 senserit
1554 849 1633 892 toti
1662 848 1821 897 mundo
1884 897 1887 899 ,
1941 881 1947 884 -

191 923 236 963 et
274 918 467 975 partibus
508 918 599 962 eius
640 917 829 962 divinam
866 922 1051 962 mentem
1094 918 1386 981 rationemque
1423 919 1627 963 insertam
1657 932 1752 963 esse
1769 919 1818 976 ²),
1926 974 1929 977 η

195 989 314 1035 cuius
354 1002 500 1034 veram
537 993 734 1033 naturam
779 993 909 1044 atque
950 989 1179 1033 essentiam
1218 1003 1359 1045 neque
1399 978 1642 1034 Heraclitus
1683 999 1821 1046 neque
1866 997 1868 999 ’

193 1054 476 1115 Anaxagoras
497 1072 672 1116 prorsus
695 1060 888 1115 concepit
909 1064 1038 1115 atque
1058 1059 1289 1116 perspexit.
1337 1046 1606 1117 Quapropter
1625 1060 1672 1105 id
1691 1073 1820 1120 unum

190 1131 477 1188 Anaxagorae
508 1130 780 1175 tribuendum
812 1135 890 1187 est,
928 1130 1043 1185 quod
1072 1130 1190 1174 illam
1222 1131 1432 1175 Heracliti
1460 1136 1645 1174 mentem
1675 1116 1821 1174 mundi
1948 1124 1988 1193 —JJ

192 1215 220 1245 a
250 1201 431 1245 materia
460 1201 689 1257 separavit.
1974 1202 1977 1203 ’

341 1295 407 1337 Ex
437 1295 520 1338 hac
550 1309 650 1338 vero
682 1294 919 1338 sententia:
951 1291 997 1337 ’ἐν
1017 1293 1090 1336 καὶ
1112 1290 1259 1337 πολλὰ
1274 1293 1308 1351 ²)
1340 1294 1580 1338 Heraclitus
1612 1307 1706 1338 cum
1735 1307 1821 1338 non

191 1365 328 1413 solum
354 1377 494 1409 rerum
514 1364 733 1421 unitatem,
765 1364 842 1408 sed
869 1363 999 1408 etiam
1019 1363 1332 1408 multitudinem
1352 1378 1582 1420 earumque
1603 1363 1822 1408 dividuam

191 1440 387 1479 naturam
428 1435 672 1490 statuisset,
714 1441 862 1479 auctor
902 1434 1044 1478 extitit
1073 1435 1359 1490 Anaxagorae
1390 1435 1566 1479 rationis
1598 1448 1701 1480 suae
1731 1447 1819 1478 ma·
1866 1470 1871 1474 .

162 1542 166 1543 ν
195 1505 346 1550 teriam
377 1504 627 1561 digerendi3
670 1505 773 1560 quin
803 1504 932 1548 etiam
963 1504 1154 1548 nonnulli
1184 1510 1352 1549 veteres
1384 1519 1435 1549 eo
1466 1505 1682 1561 progressi
1712 1509 1821 1560 sunt,

191 1581 240 1620 ut
280 1589 336 1620 ex
365 1575 574 1619 Heracliti
616 1575 775 1631 placito
792 1574 828 1632 ³)
868 1589 979 1631 „non
1020 1575 1155 1618 solum
1196 1575 1240 1617 in
1278 1588 1417 1618 rerum
1448 1579 1601 1618 natura
1630 1574 1822 1629 singulas
1862 1629 1867 1631 ῃ

190 1659 260 1691 res
291 1645 404 1690 inter
433 1659 481 1689 se
513 1645 706 1694 diversas
738 1659 846 1701 esse,
879 1645 957 1688 sed
988 1645 1116 1688 etiam
1147 1644 1285 1689 eidem
1315 1645 1379 1689 rei
1410 1645 1603 1690 diversas
1629 1644 1818 1701 proprie·
1854 1668 1857 1669 ν

190 1722 303 1761 tates
333 1722 377 1760 et
406 1722 553 1773 partes
583 1716 766 1773 inesse“‚
798 1715 1061 1759 Heraclitum
1091 1715 1312 1760 materiem
1342 1715 1386 1759 in
1417 1720 1581 1760 atomos
1612 1713 1822 1771 quosdam

191 1786 390 1832 diffusam
431 1800 527 1831 esse
566 1786 763 1831 docuisse
802 1787 918 1830 iusto
957 1786 1150 1842 argutius
1183 1785 1485 1833 concluderent
1498 1785 1547 1842 4).
1609 1786 1821 1829 Ponamus

190 1861 336 1901 autem
377 1857 482 1900 illud
523 1857 650 1912 longe
693 1857 748 1900 ab
779 1856 988 1900 Heracliti
1018 1856 1230 1900 sententia
1260 1855 1516 1900 disiunctum
1546 1868 1663 1913 esse,
1706 1860 1841 1911 certe⁴

191 1940 277 1971 non
297 1932 365 1972 est
385 1927 573 1983 dubium,
596 1927 699 1982 quin
719 1928 1000 1982 Anaxagoras
1022 1931 1193 1982 praeter
1213 1926 1320 1971 alios
1341 1926 1533 1983 inprimis
1556 1925 1821 1973 Heraclitum
1850 1929 1856 1931 ⁷
2002 1972 2010 1979 .

87 2033 99 2043 .
191 2002 237 2043 et
255 1997 557 2054 Empedoclem
579 2003 750 2041 secutus
772 1998 829 2041 sit
850 2003 892 2041 et
914 1996 969 2040 de
990 2010 1135 2040 eorum
1156 1996 1325 2052 placitis
1347 1996 1560 2052 quaedam
1590 1995 1822 2040 immutarit
1849 2018 1852 2021 v

89 2080 104 2089 ⁶
171 2079 330 2126 *eaque
361 2067 520 2111 maiore
552 2080 645 2110 cum
676 2067 912 2111 subtilitate
944 2080 996 2111 ac
1025 2067 1249 2111 verborum
1273 2066 1541 2124 ‘proprietate
1572 2064 1819 2112 reddiderit.

311 2160 580 2215 Quamquam
611 2162 912 2215 Anaxagoram
943 2173 996 2203 ex
1026 2160 1101 2204 illo
1132 2160 1339 2204 Heracliti
1374 2160 1483 2204 libro
1514 2158 1725 2215 quaedam
1755 2172 1819 2204 re-

191 2230 368 2289 petiisse
400 2230 527 2276 certis
559 2230 813 2275 testimoniis
836 2236 1034 2275 ‘veterum
1055 2231 1309 2288 scriptorum
1330 2230 1543 2282 affirmare
1564 2244 1648 2275 non
1670 2221 1819 2287 possu-
1870 2252 1873 2255 ·

191 2315 306 2358 mus,
347 2307 491 2346 tamen
521 2301 649 2345 facile
680 2306 747 2344 est
776 2301 993 2344 intellectu
1031 2314 1085 2345 ex
1122 2301 1397 2368 fragmentis,
1440 2313 1550 2356 quae
1581 2305 1839 2358 supersunt,

103 2400 112 2403 ν-
191 2382 423 2428 eorumque
468 2375 561 2416 tota
606 2370 904 2427 philosophiae
951 2372 1114 2416 ratione
1159 2386 1298 2427 neque
1343 2371 1482 2414 minus
1528 2376 1593 2415 est
1638 2371 1820 2437 probatu
1854 2429 1857 2432 Δ

8 2477 41 2493 w
174 2442 472 2500 ¹philosophos
502 2447 546 2486 et
577 2441 752 2485 eosdem
772 2442 1056 2497 Anaxagorae
1076 2442 1292 2497 aequales,
1325 2441 1397 2496 qui
1418 2441 1510 2484 eius
1529 2440 1821 2500 familiaritate

0 2513 77 2584 <³022-
181 2513 433 2570 ‚utebantun
465 2513 733 2569 praeclarum
762 2512 880 2556 illum
912 2512 1101 2569 libellum
1131 2511 1360 2605 diligenter
1388 2511 1633 2568 perlegisse
1653 2510 1839 2568 11183111-

315 2653 349 2702 1)
373 2652 421 2691 cf.
446 2653 533 2691 zell.
558 2653 588 2697 Ι,
615 2654 683 2691 607
709 2652 791 2689 adn.
818 2655 851 2688 2.
877 2655 915 2689 et
939 2654 1019 2691 609.

311 2713 349 2759 2)
373 2712 419 2749 cf.
446 2713 543 2749 Plat.
567 2713 708 2748 Phileb.
734 2723 764 2747 c.
794 2715 848 2747 14.

73 2783 135 2819 {104
218 2817 221 2821 v
262 2770 264 2772 ’
313 2771 350 2819 3)
374 2768 425 2808 cf.
449 2770 595 2808 Schust.
619 2782 656 2819 p.
683 2773 752 2808 228
777 2773 815 2807 et
839 2781 873 2817 q.
900 2782 972 2816 seq.

92 2867 109 2875 Α
149 2828 153 2830 ’
312 2830 352 2876 4)
374 2841 408 2866 v.
434 2829 579 2866 Schust.
605 2841 640 2875 p.
666 2832 733 2866 261
761 2829 844 2865 adn.
873 2833 903 2864 1.
941 2829 987 2865 cf.
1012 2829 1108 2876 Byw.
1133 2841 1168 2876 p.
1198 2833 1252 2873 19,
1278 2829 1361 2866 adu.
1386 2831 1420 2865 2.
