2010 3019
961 100 1013 143 15

101 286 109 289 ,
285 236 404 280 Haeo
433 237 577 278 autem
605 243 746 276 rerum
775 228 1047 275 commutatio
1080 241 1205 273 eursu
1235 233 1471 285 temporum
1492 227 1678 285 affertur,
1709 241 1793 284 quo

168 312 335 364 spectat
348 304 612 351 Heraclitus:
633 297 699 360 ὥρ
708 319 736 345 α
745 319 767 353 ς
776 335 786 355 ,
808 297 872 344 αἳ
887 295 959 344 πά
971 316 1028 344 ντ
1040 318 1069 343 α
1088 316 1122 358 φ
1131 298 1152 343 ἑ
1161 317 1185 357 ρ
1195 315 1218 341 o
1227 316 1251 342 υ
1262 313 1289 342 σ
1299 315 1316 341 ι
1333 299 1457 354 (Plat.
1475 313 1542 354 qu.
1555 300 1663 343 Plat.
1676 299 1795 353 VIII,

167 379 209 435 4,
231 392 272 434 p.
297 376 429 433 1007)
451 379 516 419 et:
550 369 644 417 αἶιὶ
661 390 684 416 ν
714 374 847 423 παῖς
878 369 1110 425 παίζων,
1133 364 1351 414 πεσσεύων
1372 368 1464 414 ἐστί
1486 369 1604 426 (Sch.
1627 370 1678 433 fr.
1700 368 1792 426 49),

169 449 236 492 cui
265 447 496 492 assentitur
526 443 779 500 Euripides:

214 548 218 551 -
274 511 437 559 ’ζάλλα
476 511 571 572 γὰρ
608 508 843 557 {il-103&
882 505 1175 569 ἀμείβεται,

222 580 225 583 s
286 583 395 643 μετὰ
427 577 468 629 6³
502 585 681 628 ἵσταται
712 575 914 641 ἀνδράσιν
946 579 1082 626 αἶών

286 649 622 713 πολυπλάνητος
652 651 819 711 alell)
852 653 1040 711 (Hippol.
1078 652 1223 709 1107).
1285 653 1403 696 Conf.
1436 652 1533 695 libri
1565 651 1619 696 de
1651 651 1794 696 diaeta

168 731 284 773 locos
316 740 446 782 supra
475 726 628 768 allatos
654 725 687 781 Ι,
719 725 859 779 4-5;
890 729 932 767 et
953 724 986 779 Ι,
1018 725 1046 767 5
1085 727 1239 778 χωρεῖ
1281 723 1335 766 δὲ
1376 718 1550 765 πάντα
1588 722 1661 764 καὶ
1692 725 1796 764 θεῖα

169 797 243 841 καὶ
286 789 543 853 ἀνθρώπινα
588 788 706 837 ἅνω
737 793 825 837 καὶ
867 788 1005 836 κάτω
1048 785 1374 850 ἀμειβόμενα
1418 826 1427 836 .
1461 828 1469 835 .
1503 826 1512 835 .
1547 826 1555 835 .
1603 806 1797 846 συμμι-

170 865 441 924 σγομένων
482 861 614 935 πρὸς
654 858 864 937 α’λληλα.

455 918 590 977 Τύχας
621 921 669 966 δὲ
698 924 869 980 θνητῶν

288 992 338 1039 τὸ
369 993 447 1050 μὲν
477 985 565 1050 μέγ’
601 991 662 1044 εἶς
693 985 815 1037 οὗδὲν
845 986 868 1036 ὃ
900 989 1036 1044 πολὺς
1064 986 1255 1050 χρόνος

287 1062 534 1122 μεθίστησι,
566 1060 617 1107 τὸ
648 1062 695 1107 δὲ
725 1066 846 1118 μεῖον
878 1057 1014 1115 αὔξων
1045 1063 1116 1119 (N.
1149 1064 1198 1106 fr.
1231 1062 1349 1118 306).

171 1136 290 1181 Conf.
312 1136 405 1180 libr.
428 1135 481 1178 de
503 1133 630 1178 diaet.
653 1135 686 1190 I,
719 1134 768 1178 5:
800 1129 945 1192 φθορὴ
981 1132 1028 1177 δὲ
1052 1134 1192 1187 ,πᾶσιν
1223 1123 1297 1177 ἀπ’
1329 1125 1538 1190 ἀλλήλων,
1570 1134 1633 1190 τῷ
1652 1132 1795 1187 μέζονι

170 1200 260 1249 ἇπὸ
291 1207 368 1248 τοῦ
397 1203 568 1259 μείονος
598 1203 673 1246 καὶ
702 1204 765 1260 τῷ
793 1201 932 1257 μείονι
962 1195 1052 1246 ἀπὸ
1084 1205 1161 1246 τοῦ
1180 1202 1379 1257 μέζονος·
1410 1197 1579 1254 afferat
1601 1199 1651 1245 τὸ
1672 1202 1797 1257 μέζον

171 1268 261 1320 <imo
292 1277 369 1319 τοῦ
400 1269 631 1325 ἐλάσσονος
661 1272 735 1316 καὶ
766 1267 817 1317 ‘co'
844 1270 1025 1317 ἔλασσον
1055 1265 1145 1316 ἀπὸ
1176 1275 1253 1316 τοῦ
1282 1271 1469 1328 μέζονος.

289 1341 444 1388 Πολλὰ
476 1341 555 1401 γὰρ
585 1341 722 1387 τίκτει

291 1417 444 1472 Μοῖρα
475 1406 805 1470 τελεσσιὸώτειᾷ

290 1479 418 1528 αἰών
449 1500 495 1527 τε
523 1478 673 1542 χρόνου
705 1486 837 1535 παῖς
869 1483 1055 1541 (Heracl.
1089 1484 1205 1541 896).

120 1580 126 1581 ⁷
173 1556 291 1600 Conf.
313 1558 414 1599 Luc.
437 1556 491 1599 de
512 1556 728 1599 Heraclito
749 1555 794 1597 in
815 1555 887 1598 vit.
909 1560 1017 1598 anet.
1042 1570 1075 1598 c.
1102 1557 1176 1598 14:
1209 1547 1552 1611 ἀμειβόμενα
1577 1554 1620 1597 ἐν
1647 1557 1700 1612 τῇ
1721 1556 1798 1597 τοῦ

172 1623 375 1676 αἰῶνος
407 1625 627 1683 παιδιῇ,
660 1630 702 1669 et
722 1624 929 1669 Heracliti
949 1620 1084 1668 αἰὼν
1107 1627 1238 1675 παῖς
1260 1622 1473 1677 παίζων
1496 1624 1612 1682 (Seh.
1636 1625 1684 1668 fr.
1706 1625 1796 1681 49).

173 1695 271 1738 Non
302 1696 376 1738 illo
406 1697 541 1738 solum
572 1696 678 1749 loeo,
712 1695 789 1738 sed
820 1696 948 1738 etiam
978 1695 1059 1737 hoo
1089 1695 1191 1736 mihi
1213 1695 1438 1748 Euripides
1467 1695 1573 1736 illud
1593 1696 1798 1737 Heracliti

176 1759 282 1807 αῑών
313 1766 419 1815 παῖς
450 1762 638 1817 παίζων,
679 1764 753 1820 qui
784 1764 916 1808 efficit
946 1778 1085 1808 rerum
1116 1764 1463 1808 commutationes
1494 1778 1652 1819 easque
1683 1770 1798 1808 amat

174 1833 245 1888 (cf.
277 1834 444 1878 Schust.
478 1835 527 1877 fr.
562 1837 610 1877 71
631 1834 767 1890 -73),
801 1834 915 1877 haud
945 1834 1089 1889 inepte
1122 1834 1386 1888 significasse
1418 1834 1606 1877 videtur:

292 1901 504 1957 Παίζω·
536 1901 845 1961 μεταβολὰς
875 1902 954 1961 γὰρ
986 1899 1130 1947 πόνων
1160 1896 1246 1947 del
1278 1905 1417 1962 φιλῶ
1448 1905 1520 1961 (N.
1552 1906 1601 1947 fr.
1634 1906 1754 1959 856).

176 1973 256 2017 cui
286 1979 464 2016 naturae
495 1975 581 2029 legi
612 1974 796 2017 omnium
827 1988 966 2018 rerum
998 1987 1091 2017 esse
1113 1974 1461 2029 vicissitudinem,
1492 1974 1537 2017 in
1559 1988 1642 2028 qua
1663 1975 1799 2018 omnis

103 2064 106 2065 ⁷
175 2043 350 2087 vivendi
370 2045 479 2087 ratio
502 2044 644 2099 posita
664 2049 741 2099 est,
774 2058 895 2088 nemo
917 2045 1087 2088 obsta-re
1109 2049 1272 2099 potest;
1305 2058 1428 2087 nemo
1450 2044 1638 2099 effugere
1659 2050 1801 2100 potest

174 2111 280 2156 illud
300 2113 423 2168 quasi
444 2115 589 2171 fatum,
622 2128 675 2158 ne
697 2114 759 2158 dii
776 2114 809 2164 ²)
841 2114 1023 2171 quidem,
1055 2119 1102 2157 ut
1124 2114 1218 2158 Sol:
1243 2109 1434 2165 ‘'Hhog
1464 2110 1543 2171 γὰρ
1574 2107 1646 2169 οἰχ
1671 2108 1801 2172 ὓπερ-

0 2161 49 2252 τῗ
121 2211 135 2215 -›
175 2177 354 2240 βήσεται
384 2183 531 2241 μέτρα,
563 2184 695 2242 φησὶν
724 2178 747 2228 ὃ
775 2179 1066 2242 (Ηράκλειτος,
1098 2183 1135 2228 εἰ
1167 2185 1213 2227 δὲ
1243 2181 1316 2240 μὴ,
1344 2177 1528 2241 Ἐρινύες
1556 2202 1631 2238 μιν
1662 2183 1801 2243 Δίκης

175 2249 398 2310 ἐπίκουροι
439 2248 731 2312 ἐξευρήσουσιν
771 2255 898 2311 (Plut.
931 2254 985 2299 de
1016 2255 1111 2299 exil.
1145 2269 1178 2299 c.
1215 2253 1306 2311 11),
1344 2260 1408 2298 et:
1448 2253 1613 2312 κρατέει
1645 2252 1724 2312 γὰρ
1756 2249 1799 2312 (ὃ

50 2376 54 2378 ἡ
70 2313 85 2341 -’
111 2379 115 2382 .
175 2323 298 2373 θεῖος
317 2317 458 2377 νόμος,
481 2318 504 2367 ὃ
525 2325 602 2381 τῆς
623 2320 810 2383 φύσεως)
832 2326 1038 2368 τοσοῦτον
1058 2319 1211 2368 οκόσον
1232 2323 1373 2367 εθέλει
1395 2341 1468 2367 και
1490 2324 1672 2382 ἐξαρκέει
1690 2327 1800 2369 πᾶσι

175 2389 250 2434 καὶ
281 2390 568 2450 περιγίνεται;
598 2395 716 2439 etde
748 2395 945 2451 diaetaI‚
975 2397 1026 2439 5·
1054 2398 1217 2452 χωρεῖ
1249 2394 1302 2454 δὲ
1334 2389 1516 2438 πάντα
1546 2412 1637 2438 και
1667 2398 1802 2439 θεῖα

176 2459 270 2503 καὶ
329 2453 724 2520 ἀνθρώπινα..
747 2498 757 2509 .
818 2462 896 2523 τὴν
958 2464 1240 2523 πεπρωμένην
1300 2467 1507 2522 μοῖραν
1563 2463 1802 2508 ἕκαστον

177 2527 461 2589 ἐκπληροῖ.

294 2601 523 2659 Euripides
553 2610 696 2649 autem
726 2607 788 2651 ita
818 2606 942 2650 dicit:
992 2598 1141 2657 Ούὸεἱς
1179 2605 1227 2649 δὲ
1263 2608 1481 2664 θνητῶν
1518 2610 1614 2659 ταῖς
1656 2602 1803 2662 τύχαις

460 2665 684 2732 ἀκήρατος,
717 2668 768 2719 οὗ
798 2678 942 2719 θεῶν
974 2678 1159 2733 (Hercul.
1198 2677 1339 2733 1314).

267 2838 277 2844 ἱ
299 2786 333 2831 1)
357 2792 512 2825 venusta
536 2762 800 2827 annominatio!

296 2843 333 2890 2)
356 2845 437 2892 vide
462 2847 544 2884 Soh.
570 2861 606 2895 p.
635 2852 701 2886 127
727 2861 845 2896 supra.
